4940 6518
1452 571 1570 671 (¹2)

802 757 846 809 no
869 742 962 830 petro
986 731 1163 831 presbitero
1184 740 1216 806 at
1243 755 1361 807 nomen
1389 733 1521 805 domino
1550 730 1659 825 sergio
1690 727 1793 803 milite
1823 727 1890 802 fibo
1915 727 2042 802 domiai
2066 733 2162 804 ursi:
2191 742 2224 806 et

800 887 818 932 a
842 861 984 956 presenti
1008 861 1060 938 die
1083 875 1116 932 et
1139 861 1300 954 deimceps
1324 865 1517 930 memoratas
1540 855 1619 928 duas
1643 855 1798 930 clusurias
1822 855 1862 927 dc
1892 863 1994 927 terras
2025 859 2115 952 quod
2145 868 2220 932 sunt

797 989 835 1059 in
860 1010 927 1096 uno
951 987 1103 1060 teuientia
1127 986 1223 1058 sicuti
1246 989 1439 1055 memoratas
1461 975 1663 1051 coherentias
1686 979 1786 1075 cingit
1808 1001 1872 1050 nna
1890 995 1973 1054 ,cum
1996 993 2214 1056 memoratum

796 1115 999 1212 pulmentum
1028 1113 1181 1186 fabritum
1212 1119 1244 1181 et
1276 1131 1352 1215 cum
1383 1105 1552 1178 arboribus
1584 1114 1616 1178 et
1642 1107 1789 1178 introitus
1813 1130 1886 1179 sues
1910 1118 2042 1182 etcum
2065 1110 2217 1184 omnibus

800 1247 847 1316 eis
878 1240 1109 1336 pertinentibus
1141 1237 1175 1306 in
1200 1245 1255 1306 tua
1279 1235 1428 1330 tuisque:
1452 1234 1625 1308 heredibus
1659 1233 1722 1306 sint
1753 1243 1908 1329 potestate
1939 1259 2069 1333 queque
2100 1240 2220 1318 exinde¹

798 1373 904 1442 tacere
928 1366 1096 1438 bolueritis
1120 1365 1256 1436 liberam
1279 1387 1406 1459 semper
1428 1364 1572 1436 habeatis
1594 1369 1772 1458 potestate:
1798 1371 1831 1432 et
1854 1385 1959 1456 neque
1983 1387 2002 1433 a
2025 1363 2117 1435 nobis
2137 1387 2214 1435 me-

799 1473 924 1567 morato
956 1515 1094 1589 sparano
1126 1492 1306 1586 presbitero
1329 1503 1363 1564 et
1386 1493 1574 1586 primicerio
1597 1515 1663 1563 una
1687 1515 1764 1563 cum
1789 1502 1885 1564 cunta
1909 1502 2087 1563 memorata
2111 1501 2219 1563 nostra

682 1677 686 1685 -
797 1623 1048 1719 congregatione
1071 1621 1274 1693 sacerdotum
1297 1631 1330 1694 et
1352 1635 1465 1692 cuntes
1488 1629 1681 1694 memoratas
1704 1621 1853 1693 stauritos
1875 1619 1977 1716 piebis
1992 1643 2099 1717 neque
2116 1647 2135 1691 a
2154 1645 2219 1716 po-

798 1748 892 1820 steris
917 1745 1034 1818 nostris
1058 1767 1206 1840 nequeo
1231 1752 1426 1816 memoratas
1446 1746 1711 1838 congregationes
1734 1753 1912 1816 memorate
1935 1745 2046 1817 charte
2072 1769 2176 1842 neque
2200 1773 2219 1816 a

797 1881 989 1943 memoratas
1021 1869 1168 1940 stauritas
1199 1867 1303 1964 plevis
1336 1889 1516 1966 numquam
1549 1875 1585 1940 tu
1617 1877 1797 1942 memorato
1820 1869 1974 1943 iohannes
1998 1881 2053 1943 aut
2087 1872 2222 1944 heredes

795 1997 860 2070 tuis
883 1993 1026 2064 habeatis
1051 1991 1169 2064 exinde
1192 2015 1399 2105 quacumque
1422 1992 1641 2088 requesitione
1664 2001 1721 2065 aut
1742 1992 1889 2066 molestia
1913 2015 1971 2087 per
1994 1994 2120 2067 nullum
2143 2016 2219 2064 mo-

799 2120 878 2193 dum
909 2143 969 2190 nec
1000 2141 1059 2214 per
1090 2117 1267 2190 summissis
1299 2118 1445 2211 personis
1477 2116 1733 2212 imperpetuum:
1757 2137 1819 2210 pro
1841 2139 1882 2188 eo
1905 2119 1994 2213 quod
2019 2118 2054 2188 in
2077 2117 2220 2211 presenti

799 2245 983 2339 accepimus
1005 2269 1024 2315 a
1047 2255 1079 2316 te
1103 2246 1186 2317 idest
1209 2245 1280 2318 auri
1304 2247 1367 2327 tari
1390 2244 1577 2342 quindecim
1597 2226 1637 2318 'ut
1659 2246 1745 2318 inter
1761 2245 1853 2317 nobis
1870 2243 2049 2316 combenitr
2063 2244 2092 2314 si
2108 2254 2215 2316 autem

799 2397 859 2446 nos
882 2375 933 2446 vet
957 2374 1093 2469 posteris
1115 2373 1234 2446 nostris
1258 2375 1375 2470 quobis
1399 2368 1546 2470 tempore
1568 2393 1629 2445 nos
1652 2372 1704 2448 rei
1727 2374 1864 2468 posteris
1881 2371 1997 2445 nostris
2023 2373 2076 2445 vet
2089 2395 2221 2445 memo-

797 2509 881 2572 ratas
903 2503 1170 2596 congregationes
1198 2511 1377 2574 memorata
1399 2501 1511 2572 cbarta
1533 2501 1590 2574 vel
1611 2509 1807 2573 memoratas
1830 2500 1978 2572 stauritas
2000 2507 2113 2572 contra
2136 2501 2219 2572 banc

797 2626 941 2698 chartam
974 2627 1173 2700 venditionis
1199 2637 1237 2702 ut
1269 2649 1366 2723 super
1396 2628 1517 2722 legitur
1549 2629 1661 2701 venire
1693 2627 1969 2724 presumserimns
1992 2651 2050 2722 per
2073 2627 2219 2724 quolibet

799 2750 934 2850 modum
967 2762 1022 2822 aut
1054 2751 1234 2824 summissis
1265 2752 1412 2846 personis
1438 2759 1517 2824 tuno
1540 2751 1766 2846 componimus
1789 2749 1849 2821 tibi
1874 2750 2021 2846 tuisquer
2045 2750 2220 2823 heredibus

800 2865 872 2945 auri
902 2875 1022 2947 solidos
1054 2875 1184 2970 triginta
1212 2897 1270 2948 sex
1300 2875 1526 2972 bytbianteos:
1562 2885 1593 2948 et
1626 2875 1687 2948 bec
1710 2874 1821 2946 ebarta
1843 2873 2037 2946 venditionis
2060 2884 2098 2946 ut
2120 2895 2219 2968 super

799 3001 918 3094 tegitur
944 3003 986 3072 sit
1008 2991 1120 3074 firma:
1146 3002 1264 3098 scripta
1287 3025 1484 3096 permanes
1506 3003 1656 3074 iohannis
1679 2999 1828 3074 curialis:
1843 3025 1910 3098 ·per
1933 3001 2106 3084 indictione
2139 3015 2217 3070 me·-

799 3139 926 3200 morata
948 3129 1073 3224 prima:
1097 3129 1160 3201 boc
1182 3131 1312 3227 signum
1338 3154 1452 3204 mamus
1471 3130 1555 3226 petri
1579 3131 1638 3206 fitti
1662 3131 1789 3226 georgii
1812 3139 1844 3203 et
1866 3130 1952 3202 leoni
1967 3127 2220 3221 scaunagardiilu

799 3267 831 3328 et
862 3256 1008 3350 stephani
1038 3258 1195 3351 guntriaia
1225 3267 1258 3330 et
1290 3260 1409 3332 andrea
1441 3261 1499 3356 qrri
1529 3261 1716 3334 nominatur
1747 3258 1811 3352 rigi
1836 3267 1868 3328 ct
1890 3255 1999 3350 sergio
2029 3253 2168 3329 fitailiari
2190 3265 2224 3325 et

798 3380 906 3470 sergio
930 3380 987 3472 qui
1011 3380 1196 3449 nominatur
1219 3403 1330 3473 grasm
1352 3389 1386 3452 et
1408 3382 1561 3454 dominici
1584 3391 1617 3453 et
1638 3381 1723 3475 petri
1746 3381 1828 3452 muti
1852 3379 2024 3452 caloiolarii
2048 3390 2081 3450 ct
2104 3379 2222 3448 andrea

799 3502 908 3574 isabru
931 3505 989 3598 qui
1012 3505 1198 3576 nominatur
1220 3516 1402 3600 pungenne
1425 3508 1489 3580 bec
1516 3519 1565 3581 est
1593 3507 1693 3601 ipsius
1726 3507 1824 3579 dictas
1855 3505 2003 3577 stauritas
2034 3505 2126 3600 quod
2158 3525 2223 3597 ego

777 3610 859 3724 ‘qui
883 3641 1077 3702 memoratos
1100 3651 1161 3724 pro
1183 3631 1229 3704 eis
1253 3631 1427 3729 subscripsi
1451 3644 1483 3706 et
1505 3635 1674 3709 memorati
1697 3636 1760 3707 tari
1783 3633 1916 3712 traditos
1938 3631 2053 3727 ridi†
2061 3681 2215 3708 .......

807 3756 1142 3836 ..‚...aliamanu
1150 3809 1780 3837 ...........................
1881 3797 1886 3808 ·

897 3885 928 3979 †
951 3904 1104 3978 sparanus
1118 3885 1287 3982 presbyter
1300 3887 1562 3980 et'primiccrius
1575 3885 1794 3983 susbscripsii·
1801 3933 1905 3959 .....
1928 3887 1991 3958 alia
2006 3857 2104 3958 manu
2113 3935 2214 3958 .....
2288 3923 2293 3936 ·

893 4007 925 4102 †
949 4010 1088 4081 stefanus
1111 4011 1278 4106 presbyter
1300 4009 1474 4108 subscripsi
1497 4013 1528 4110 †
1534 4061 1781 4094 ...........
1789 4013 1851 4087 alia
1883 4035 1980 4086 manu
1988 4061 2211 4085 ..........
2224 4073 2225 4076 ,

894 4134 926 4227 †
950 4137 1122 4230 stephanus
1144 4138 1313 4233 presbyter
1335 4139 1556 4238 subscripsi†
1562 4192 1763 4220 .........
1788 4142 1850 4214 alia
1866 4165 1966 4216 manu
1969 4193 2069 4216 .....

895 4255 927 4351 †
951 4257 1106 4336 iohannes
1128 4261 1296 4356 presbyter
1319 4262 1490 4358 subscripsi
1513 4266 1545 4363 (1·
1553 4315 1870 4342 ..............
1895 4269 1956 4340 alia
1979 4289 2077 4337 manu
2098 4303 2116 4332 ··
2131 4313 2140 4334 ·
2154 4319 2164 4339 .
2179 4315 2213 4335 .-

893 4383 925 4479 †
949 4407 1012 4482 ego
1035 4387 1159 4481 sergius
1183 4388 1269 4460 filius
1293 4388 1416 4462 domini
1441 4392 1526 4464 tenni
1548 4404 1681 4488 rogatus
1696 4421 1715 4466 a
1730 4389 1962 4492 suprascriptos
1975 4417 2127 4490 personas
2144 4393 2217 4467 testi

798 4510 973 4601 subscripsi
996 4520 1030 4582 ct
1052 4513 1258 4606 suprascripti
1283 4515 1343 4586 tari
1367 4515 1502 4588 traditos
1524 4517 1593 4590 bidi
1616 4519 1646 4614 †
1652 4565 1876 4592 ..........
1884 4541 1960 4590 nam
1984 4521 2073 4591 testi.
2088 4571 2096 4588 .
2114 4571 2121 4587 .

838 4707 843 4715 .
892 4641 923 4735 †
947 4663 1009 4736 ego
1033 4649 1143 4734 petrus
1167 4643 1253 4714 filius
1278 4643 1402 4714 domini
1426 4643 1542 4716 marini
1550 4695 1797 4722 ...........
1815 4647 1938 4720 iterum·
1957 4649 2031 4720 testi
2038 4695 2216 4718 ........

892 4764 923 4859 †
948 4785 1010 4857 ego
1037 4766 1178 4838 cesarius
1207 4766 1292 4838 filine
1314 4767 1439 4838 domini
1461 4767 1563 4839 leam.
1576 4819 1588 4840 .
1603 4819 1612 4838 .
1627 4817 1658 4838 ..
1675 4823 1802 4846 ......
1811 4773 1959 4846 similiter
1981 4774 2055 4844 terti
2063 4823 2216 4842 .......

888 4889 920 4986 †
944 4914 1008 4987 ego
1030 4892 1185 4972 iohannes
1214 4893 1345 4972 cuiuis
1367 4893 1531 4988 compleri
1555 4905 1587 4966 et
1611 4897 1733 4970 absolsi
1756 4924 1813 4994 per
1827 4985 1830 4992 Ι
1843 4897 2019 4972 indictione
2043 4911 2221 4974 memorata

794 5019 900 5112 prima
924 5017 956 5113 †
962 5066 1160 5090 .........
1170 5019 1282 5090 eodem
1299 5039 1398 5092 11111111
1401 5069 1831 5099 ...................
