4940 6518
317 1106 488 1179 -Unirersis
520 1113 651 1178 muchs
681 1117 837 1178 romanae
866 1103 1035 1178 amelaffise
1068 1105 1163 1180 ffliss
1187 1109 1293 1184 officii
1316 1115 1419 1184 honri
1442 1121 1476 1186 et
1501 1114 1649 1184 omniunt
1748 1115 1810 1184 An.

227 1238 409 1304 uncorum
432 1228 486 1302 dei
510 1227 738 1302 aeeclesitrsm
769 1230 940 1300 mmmoda
971 1229 1167 1324 generaliter
1186 1233 1422 1308 considerantes
1452 1247 1486 1309 et
1510 1237 1651 1310 maxime
1730 1244 1836 1308 1004.

227 1373 342 1432 sarim
364 1379 430 1452 qne
451 1357 670 1451 potentialiter
701 1353 761 1428 sub
796 1356 868 1428 iure
899 1369 932 1428 et
963 1355 1109 1430 dominio
1140 1367 1270 1431 nostras
1292 1373 1445 1434 sommae
1468 1363 1655 1436 amalradae

228 1480 419 1554 consistunt.
451 1479 566 1574 Smnid
596 1487 669 1550 erat
696 1477 941 1552 incommodum
980 1480 1112 1550 abolere
1147 1483 1265 1574 negavi
1297 1484 1564 1560 incommoditate
1598 1501 1656 1560 sue
1697 1563 1699 1567 Α

228 1601 373 1696 neglecta
395 1600 566 1674 rilesscsnt
586 1601 640 1674 rol
661 1599 807 1697 quolibet
829 1625 888 1674 nos
912 1624 948 1692 ao
971 1603 1142 1676 medone
1163 1603 1271 1674 debita
1294 1606 1497 1700 iollepnitate
1527 1623 1655 1696 careat;

229 1731 267 1801 ln
290 1753 365 1805 arce
387 1753 460 1804 arce
483 1753 559 1804 cum
582 1730 723 1826 plurima
740 1733 947 1824 xcrepatiorum
965 1756 1085 1828 ponera
1100 1733 1141 1806 ed
1157 1733 1267 1808 sedam
1281 1753 1452 1808 somenam
1465 1749 1507 1808 ox
1523 1737 1656 1812 dirersis

228 1855 343 1926 mundi
366 1855 511 1948 partibus
534 1854 731 1928 deierantur.
766 1851 912 1954 Cumque
945 1858 986 1930 ad
1017 1857 1121 1930 multa
1151 1859 1361 1932 costituenda.
1386 1861 1455 1933 sive
1477 1861 1656 1935 orbarum

228 1983 441 2054 conletemur.
464 1981 550 2053 iuter
573 1983 726 2054 nmmulla
750 1986 984 2078 presentiarum
1008 1985 1191 2080 recommus
1214 1985 1296 2058 illuri
1318 2010 1453 2084 quoquo
1475 1989 1515 2060 ad
1531 2000 1655 2062 nasim

230 2127 322 2176 aures
346 2104 492 2200 pervenit
514 2107 606 2200 quod
628 2107 757 2179 blebem
780 2122 886 2180 sancte
910 2111 1014 2182 marie
1036 2110 1123 2184 intro
1145 2112 1277 2188 civitate
1309 2112 1367 2208 qui
1394 2120 1529 2186 vacam
1551 2115 1654 2209 iserge

230 2233 319 2302 iuxta
341 2231 465 2306 iontem
488 2233 588 2304 sancti
613 2231 763 2304 iohannis
785 2233 920 2328 baptiste
944 2237 1049 2306 sitam
1074 2239 1191 2330 partim
1215 2237 1414 2332 antiquitatis
1435 2261 1513 2310 suae
1536 2240 1654 2334 partim

228 2361 431 2454 neglegentia
452 2360 590 2456 pastoris
611 2361 706 2434 ruine
729 2361 818 2455 lapsa
841 2361 1012 2434 deiecerat.
1036 2364 1098 2434 Sed
1122 2374 1203 2436 nutu
1228 2365 1280 2436 dei
1308 2367 1442 2462 eiusque
1474 2367 1651 2460 genitricis.

228 2483 429 2556 landinolfus
451 2503 568 2556 comes.
590 2483 675 2555 filius
698 2483 823 2555 comitis
846 2483 976 2554 landolfi
999 2485 1102 2576 greci.
1128 2507 1204 2554 cum
1229 2486 1315 2556 bone
1337 2489 1494 2570 memorie
1526 2509 1651 2580 gemma

228 2611 371 2704 coniuge
402 2633 470 2682 sna.
504 2609 544 2680 de
575 2611 672 2682 rebus
700 2610 839 2705 propriis
863 2633 925 2705 pro
950 2611 1136 2703 redeptiono
1160 2611 1286 2683 animae
1310 2608 1545 2706 eorum'ipsam
1569 2613 1649 2682 auti-

228 2760 329 2830 quam
352 2737 480 2810 blebem
502 2740 543 2810 ad
565 2739 724 2812 honorem
746 2751 854 2812 sancte
877 2739 998 2810 mariae
1018 2738 1215 2810 reedificavit
1228 2749 1325 2834 atque
1340 2740 1519 2810 renovavit.
1535 2741 1652 2812 Fuerat

229 2865 318 2936 enim
340 2866 503 2959 quondam
526 2876 680 2961 occupata
705 2866 888 2960 pastoribus
911 2864 970 2960 qui
992 2885 1060 2934 nou
1084 2861 1150 2934 sibi
1168 2863 1371 2956 proiecerant
1386 2863 1426 2934 ad
1441 2876 1651 2958 angmentum

228 2995 284 3064 sed
310 2995 409 3065 totius
433 2993 659 3066 luminationis
682 2994 812 3066 dederat
834 2993 1024 3065 obrobrinm
1046 2993 1135 3086 Ergo
1159 2994 1309 3086 quamvis
1340 2993 1488 3086 priorum
1516 3003 1650 3087 ¹patrum

229 3121 381 3212 exemplo
406 3121 590 3190 doceamur.
613 3127 650 3190 at
666 3117 817 3189 omnibus
841 3118 982 3190 ecclesiis
1006 3141 1064 3210 per
1089 3127 1194 3187 totum
1217 3115 1330 3188 orbem
1353 3124 1512 3187 terrarum
1528 3119 1651 3190 diffusis

229 3247 344 3314 christi
369 3265 480 3314 amoro
503 3245 562 3337 qui
585 3267 639 3314 eas
661 3244 764 3314 nostri
787 3245 886 3314 officii
905 3245 1033 3316 subesse
1055 3243 1158 3316 voluit
1172 3243 1352 3314 ministerio
1367 3243 1517 3337 prodesse
1533 3245 1649 3315 debea-

232 3392 317 3442 mus.
341 3379 448 3440 temau
472 3379 504 3440 et
526 3369 606 3442 haee
629 3391 688 3442 nos
711 3371 752 3442 ad
775 3357 1031 3442 subveniendum
1055 3377 1150 3463 cogat
1172 3371 1350 3442 necessitas.
1375 3370 1580 3462 Quapropter
1603 3371 1651 3441 di·

229 3519 333 3590 gnum
357 3495 494 3567 dicimus
518 3520 555 3566 ea
580 3496 716 3568 ecclesia
739 3507 847 3568 sancte
871 3497 991 3566 mariae
1014 3499 1108 3569 sitem
1131 3497 1223 3568 iuxta
1246 3498 1368 3567 iontem
1383 3497 1485 3566 saneti
1502 3493 1650 3566 iohannis

227 3619 365 3712 baptiste
389 3617 476 3688 intro
503 3619 633 3690 civitate
656 3643 720 3714 que
744 3643 857 3714 yserge
881 3620 934 3691 vel
957 3621 992 3690 in
1015 3618 1105 3690 omni
1120 3643 1178 3692 sua
1197 3620 1388 3714 pertinentia
1405 3629 1442 3690 ut
1458 3620 1649 3713 prephatum

230 3747 385 3818 comitem
415 3745 625 3820 landinollum
657 3745 760 3818 illium
794 3747 922 3819 landolli
955 3745 1043 3842 greci
1071 3770 1149 3820 cum
1172 3749 1238 3819 suis
1261 3746 1435 3820 heredibus
1467 3747 1649 3821 dominium

228 3879 263 3939 et
286 3876 473 3960 potestatem
494 3881 667 3942 exerceant
688 3871 728 3942 ad
759 3871 937 3964 regendum
971 3871 1144 3942 servitores
1176 3871 1277 3965 ipsius
1300 3872 1452 3943 ecclesiae
1473 3873 1648 3944 secundum

226 3993 329 4063 deum
352 4001 384 4061 et
407 3992 656 4065 ecclesiasticam
679 3993 825 4064 ordinem
848 4003 886 4064 nt
909 3997 1077 4066 servitium
1101 3997 1153 4068 dei
1176 4018 1243 4066 nou
1267 3996 1430 4066 minuetur
1449 3996 1505 4065 sed
1521 4018 1648 4088 augea-

227 4129 285 4187 tur
321 4127 353 4186 et
386 4128 513 4190 crescat.
538 4117 749 4188 Decernimus
781 4117 878 4188 etiam
912 4129 949 4188 ut
983 4121 1150 4214 episcopus
1187 4119 1329 4192 eiusdem
1365 4141 1478 4214 yserga
1509 4117 1648 4188 civitatis

227 4241 333 4314 nichil
357 4243 491 4312 omnino
506 4242 547 4312 de
562 4241 657 4310 rebus
673 4240 723 4310 vel
737 4243 933 4312 ornamentis
949 4243 1048 4336 ipsius
1065 4245 1218 4340 prephato
1234 4243 1386 4314 ecclesiae
1403 4249 1510 4312 sancte
1526 4241 1647 4310 mariae

226 4389 290 4461 per
322 4366 498 4463 quamlibet
520 4364 687 4436 occasione
711 4363 763 4434 vel
787 4378 976 4456 argumento
1000 4368 1190 4441 imminuere
1220 4369 1271 4440 vel
1299 4367 1411 4439 tollere
1427 4375 1598 4461 presumat.
1615 4373 1648 4435 et

224 4493 415 4565 nullatenus
438 4490 513 4562 inde
538 4489 659 4584 aliquid
682 4487 774 4582 quasi
790 4489 916 4581 privato
933 4489 1074 4582 accipere
1089 4491 1214 4562 audeat.
1230 4491 1336 4586 sitque
1352 4490 1393 4560 ab
1409 4489 1499 4560 omni
1515 4495 1648 4558 externa

224 4628 387 4712 potestate
409 4616 525 4689 idonee
549 4626 647 4710 atque
671 4613 889 4709 perhemniter
912 4637 1041 4697 secura;
1069 4617 1103 4687 Si
1126 4638 1205 4688 vero
1235 4617 1324 4711 quod
1348 4640 1415 4688 nou
1438 4623 1588 4708 optamus
1612 4611 1647 4682 in

226 4748 369 4820 thonius
390 4746 473 4818 male
496 4744 658 4839 opinionis
681 4743 809 4837 piaculo
832 4743 1002 4816 servitores
1025 4745 1126 4839 ipsius
1150 4743 1303 4816 aecclesie
1318 4741 1507 4837 deprehensi
1527 4741 1648 4814 inerint

36 4937 37 4986 p
230 4898 431 4972 epyscopum
451 4873 552 4969 ipsius
570 4871 709 4945 civitatis
729 4872 922 4966 regulariter
942 4872 1138 4946 instituimus
1163 4873 1383 4970 corrigendos.
1396 4873 1436 4985 'Si
1452 4881 1561 4947 autem
1576 4871 1645 4966 epi-

36 5071 38 5110 l
