4896 6522
946 541 961 639 (
983 551 1026 616 ⁷³
1053 541 1067 640 )

302 700 516 767 memoratum
541 697 686 766 montem
710 693 769 790 qui
791 694 979 770 nominatam
1000 697 1161 774 urbanum
1186 705 1395 798 pertinentem
1417 715 1586 784 memorati
1620 721 1720 792 vestri

304 820 490 893 monasterii
514 843 581 918 que
603 829 663 894 roa
687 821 808 894 ibidem
826 823 926 896 abetis
942 850 962 896 a
977 838 1153 902 memorata
1175 811 1361 906 orientalem
1377 845 1501 931 partem
1517 845 1718 935 quommodo

305 943 394 1018 hedit
416 966 522 1066 usqum
545 952 579 1018 nt
603 955 781 1022 memorata
804 947 868 1020 bno
890 943 931 1018 de
952 949 1058 1046 ἰρειιω
1082 953 1219 1028 casalem
1240 965 1384 1030 vestrum
1398 961 1456 1057 qui
1471 963 1658 1038 nominatur
1673 963 1715 1038 de

304 1081 491 1146 maternum
517 1072 611 1146 vobis
632 1074 851 1172 posterisque:
872 1076 988 1147 vestris
1011 1073 1063 1146 vel
1087 1089 1266 1154 memorato
1280 1093 1395 1180 ‚restro
1413 1090 1606 1163 monasterio
1629 1114 1717 1189 quc-

309 1217 383 1268 rere
407 1217 467 1291 per
489 1197 618 1270 nrrllum
641 1199 777 1272 modtrm
799 1219 860 1270 nee
873 1215 933 1292 per
948 1198 1069 1272 nnllam
1083 1203 1285 1278 adiubentam
1301 1209 1457 1286 radanem
1472 1235 1533 1286 nee
1547 1237 1607 1310 per
1621 1238 1717 1292 mm·

305 1320 440 1394 mimam
463 1341 635 1416 personam
658 1347 678 1393 a
701 1346 788 1398 nune
810 1333 843 1399 et
865 1327 1074 1422 imperpetuis
1097 1331 1308 1426 temporibus.
1335 1342 1367 1407 et
1390 1337 1417 1408 si
1440 1339 1553 1432 quabis
1574 1346 1719 1435 peremis

303 1470 364 1522 nos
388 1449 453 1522 aud
475 1451 612 1542 posteris
634 1449 750 1521 vestus
782 1449 835 1522 vel
864 1461 1044 1522 memorato
1065 1462 1175 1526 vestm
1196 1460 1390 1532 monasterio
1412 1463 1529 1536 exinde
1564 1468 1718 1562 quesierit

300 1595 362 1670 per
390 1595 450 1646 noe
474 1574 537 1646 aud
560 1596 620 1668 per
643 1573 761 1646 oomnis
783 1571 956 1646 heredibus
986 1595 1045 1669 per
1069 1577 1187 1670 quobis
1211 1581 1346 1652 modum
1369 1591 1447 1654 tune
1469 1607 1530 1658 nos
1560 1597 1593 1660 et
1615 1589 1716 1666 here-

303 1697 400 1772 dibus
429 1697 550 1771 nostris
572 1696 664 1769 vobis
679 1697 884 1794 peterisque:
909 1697 1026 1772 restris
1047 1697 1120 1772 illos
1135 1699 1252 1774 exinde
1266 1699 1402 1798 desuper
1415 1705 1528 1780 tollere
1542 1711 1716 1790 debeamus

300 1821 425 1920 absque
449 1821 538 1893 omni
562 1823 635 1896 data
658 1821 928 1896 hoooansionem:
950 1831 1000 1894 set
1021 1823 1111 1896 omni
1136 1831 1312 1920 temporem
1335 1827 1430 1904 abere
1453 1829 1568 1906 debeat
1582 1857 1715 1910 memo-

301 1959 372 2020 rata
398 1947 539 2044 corrigia
563 1957 672 2046 nostra
695 1971 760 2045 que
781 1970 841 2021 nos
862 1947 985 2022 ibidem
1008 1949 1141 2022 abcmrm
1163 1975 1182 2022 a
1204 1960 1295 2048 parte
1317 1954 1359 2028 de
1375 1967 1590 2034 memoratum
1605 1961 1716 2038 ribum

298 2069 428 2145 maiora
451 2059 511 2166 qui
533 2069 580 2142 dri
602 2078 651 2143 est
674 2096 693 2143 a
717 2082 896 2146 memorata
919 2081 1011 2170 parte
1033 2073 1205 2150 occidentis
1227 2075 1291 2150 boc
1313 2086 1362 2152 est
1383 2103 1403 2151 a
1424 2081 1489 2158 fine
1519 2083 1559 2159 de
1581 2107 1714 2160 memo-

297 2203 376 2278 ratis
405 2203 627 2282 homminibus
650 2203 691 2276 de
714 2201 912 2278 barchennm
935 2211 969 2278 et
992 2202 1031 2278 de
1054 2203 1178 2278 meiana
1201 2227 1309 2302 passos
1331 2205 1447 2304 uiginti
1464 2193 1568 2288 unm
1587 2223 1621 2287 et
1634 2239 1712 2290 me-

299 2335 406 2408 dium.
429 2338 519 2410 etde
542 2337 778 2432 longitudinem
800 2335 865 2410 boc
887 2339 936 2410 est
959 2336 1058 2409 abne
1073 2335 1112 2408 de
1126 2348 1340 2413 memoratum
1357 2341 1505 2436 eguipum
1519 2344 1577 2440 qui
1591 2345 1713 2420 extimat
1811 2357 1816 2370 ’

305 2461 390 2536 inter
415 2483 456 2536 cc
479 2471 513 2534 et
534 2461 612 2557 ipsis
633 2463 731 2536 terris
751 2465 792 2536 de
814 2461 1001 2540 memoratis
1022 2459 1240 2536 homminibus
1262 2465 1304 2536 de
1326 2463 1520 2540 charcanum
1535 2477 1569 2539 et
1584 2491 1708 2562 quom-

298 2591 398 2664 modo
421 2588 510 2664 bndit
532 2599 565 2664 et
588 2589 729 2666 ascendit
748 2613 853 2689 mque
876 2595 910 2662 at
931 2593 1110 2663 memorata
1132 2611 1221 2662 serra
1243 2588 1420 2662 cauditana.
1434 2597 1467 2662 at
1480 2591 1565 2664 inbr
1579 2613 1705 2666 merno-

299 2727 408 2792 ratum
440 2717 576 2792 casalem
607 2725 640 2792 et
669 2725 813 2794 montem
841 2726 985 2794 vmbum
1006 2721 1040 2788 et
1062 2714 1146 2788 inter
1168 2721 1346 2788 memorata
1367 2713 1506 2808 corrigia
1528 2725 1636 2789 nostra
1661 2743 1703 2794 ex

296 2849 403 2938 ipmm
426 2849 564 2924 casalem
586 2858 620 2922 et
641 2858 787 2943 montem
818 2869 879 2944 per
910 2853 1089 2922 memorata
1119 2859 1269 2915 mensura
1290 2843 1460 2916 memorati
1480 2845 1565 2940 passi
1588 2845 1704 2942 viginti

291 2999 397 3052 unum
420 2987 455 3050 et
477 2978 623 3054 medium
645 3003 688 3052 ex
711 2975 893 3054 trabersum
914 2983 1091 3049 memorata
1114 2973 1253 3070 corrigia
1274 2981 1385 3046 noema
1406 2981 1623 3046 mensuratum
1640 2975 1705 3050 de-

290 3129 362 3180 cem
385 3107 549 3178 terminos
571 3081 775 3200 poenivimus
790 3104 930 3177 finienda
953 3109 997 3199 ets
1008 3105 1048 3176 de
1069 3101 1152 3198 ipso
1165 3101 1290 3174 decimo
1308 3099 1448 3174 termino
1464 3100 1602 3197 qualiter
1616 3101 1705 3176 hedit

286 3243 319 3306 et
342 3229 485 3304 ascendit
505 3252 565 3323 per
588 3232 702 3320 eqqln
718 3251 868 3313 mensure
882 3251 988 3326 usque
1001 3238 1034 3302 at
1049 3237 1227 3302 memorata
1247 3251 1335 3312 serra
1358 3228 1544 3302 cauditana:
1566 3235 1599 3303 et
1621 3253 1703 3328 qua-

285 3355 362 3432 liter·
385 3375 444 3448 per
466 3353 636 3426 memorati
659 3349 773 3424 decem
797 3351 947 3423 ternrines
977 3359 1010 3422 et
1031 3375 1091 3445 per
1113 3359 1305 3424 memoratas
1327 3372 1493 3426 mensuras
1520 3352 1595 3426 illos
1617 3377 1702 3426 exe-

285 3479 490 3578 greqeuimus
514 3485 548 3550 et
573 3473 644 3551 fieri
667 3477 810 3548 diximus
834 3476 875 3548 da
898 3475 970 3568 ipso
992 3475 1100 3569 primo
1122 3476 1259 3550 termine
1282 3475 1340 3572 qui
1359 3485 1407 3547 est
1420 3477 1545 3548 fictma
1568 3499 1701 3548 memo-

284 3621 356 3682 rata
379 3615 469 3702 parte
491 3602 672 3676 meridiana
695 3625 801 3697 usque
825 3608 858 3702 at
880 3611 1056 3672 memorata
1088 3623 1175 3673 serra
1199 3601 1364 3674 cauditana
1386 3602 1431 3674 nd
1464 3623 1559 3698 super
1581 3603 1700 3699 legitur

283 3735 390 3810 taliter
412 3729 571 3828 pertineat
594 3735 626 3800 et
649 3726 711 3799 siat
734 3727 804 3821 ipse
826 3727 890 3798 fine
914 3727 1000 3799 inter
1021 3735 1198 3812 memorata
1225 3726 1364 3820 corrigia
1382 3735 1492 3799 nostm
1510 3735 1542 3798 et
1565 3751 1699 3802 memo·

280 3867 387 3932 ratum
410 3853 547 3933 casalem
571 3857 605 3922 et
627 3853 774 3920 montem
788 3855 934 3919 vestrum
949 3847 1010 3942 qni
1022 3849 1210 3920 nominatur
1224 3849 1384 3920 urbanum
1400 3848 1554 3946 quietat
1576 3850 1697 3922 lamma

280 3983 398 4060 dicitur
420 3978 570 4077 perennis
594 3999 632 4050 ac
652 3974 818 4084 perpetuis
833 3973 1055 4069 temporibus:
1078 3973 1249 4046 memorati
1262 3973 1397 4046 homnes
1412 3973 1496 4068 passi
1521 3973 1696 4046 mensurati

278 4121 356 4187 suot
378 4117 412 4181 at
433 4129 563 4204 possum
588 4109 731 4180 terreum
754 4111 862 4176 sancte
884 4101 1086 4196 neapolitano
1108 4101 1259 4174 ecclesie:
1282 4100 1359 4196 quia
1382 4099 1426 4170 ita
1448 4099 1495 4172 sic
1516 4097 1610 4171 nobis
1633 4099 1694 4170 iu-

279 4239 420 4314 dotum
442 4243 509 4308 est:
532 4233 566 4306 Si
590 4241 698 4306 antem
727 4254 788 4304 nos
811 4232 875 4302 ¹aud
898 4229 1068 4304 heredibus
1090 4231 1208 4303 nostris
1231 4228 1349 4328 qnobis
1371 4235 1551 4324 temporem
1581 4236 1693 4302 contra

278 4387 338 4437 auc
362 4359 541 4434 chartulam
563 4353 743 4430 securitatis
765 4353 811 4424 ud
833 4373 931 4444 super
953 4353 1072 4446 legitur
1085 4355 1197 4426 benire
1211 4353 1498 4449 presumpserimus
1512 4360 1545 4423 et
1558 4351 1693 4424 minime

278 4479 561 4584 adimpleuerimus
593 4476 743 4550 omnibus
775 4471 961 4545 memoratis
989 4493 1048 4566 per
1079 4471 1196 4568 qnobis
1225 4475 1359 4546 modum
1395 4473 1459 4546 aud
1489 4471 1691 4545 srrmmissam

276 4629 445 4706 personam
462 4613 541 4676 tunc
552 4599 775 4696 componimus
784 4612 845 4668 nos
855 4605 888 4668 et
898 4595 1068 4668 heredibus
1083 4593 1200 4668 nostris
1214 4596 1306 4668 vobis
1314 4597 1524 4692 posterisque:
1535 4591 1649 4664 vesnia
1658 4597 1692 4664 et

275 4739 454 4808 memorato
468 4728 663 4802 monasterio
680 4733 788 4798 vestro
811 4720 882 4794 auri
896 4718 994 4790 hbras
1017 4717 1095 4790 duas
1117 4719 1316 4816 bythiantcas
1331 4731 1365 4794 et
1382 4743 1420 4792 ec
1440 4717 1584 4790 chartula
1599 4739 1692 4792 secu·

274 4861 375 4934 nitatis
398 4859 443 4932 ud
466 4877 562 4954 super
584 4854 704 4952 legitur
729 4855 771 4925 sit
794 4849 886 4922 firma
909 4847 1026 4943 scripta
1048 4869 1245 4944 parmenus
1272 4848 1371 4944 sergii
1391 4844 1526 4940 Cerialis
1548 4847 1689 4922 scrivere

376 4986 441 5057 Vbi·-
466 4986 524 5057 W.
1289 4987 1333 5046 10
