<?xml version="1.0" encoding="UTF-8"?>
<!DOCTYPE html PUBLIC "-//W3C//DTD XHTML 1.0 Transitional//EN"
    "http://www.w3.org/TR/xhtml1/DTD/xhtml1-transitional.dtd">
<html xmlns="http://www.w3.org/1999/xhtml" xml:lang="en" lang="en">
 <head>
  <title>
</title>
<meta http-equiv="Content-Type" content="text/html;charset=utf-8" />
  <meta name='ocr-system' content='tesseract 3.04.00' />
  <meta name='ocr-capabilities' content='ocr_page ocr_carea ocr_par ocr_line ocrx_word'/>
</head>
<body>
  <div class='ocr_page' id='page_1' title='image "./monumentaeditaa03napogoog_0265.png"; bbox 0 0 4888 6528; ppageno 0'>
   <div class='ocr_carea' id='block_1_1' title="bbox 894 677 1038 780">
    <p class='ocr_par' dir='ltr' id='par_1_1' title="bbox 894 677 1038 780">
     <span class='ocr_line' id='line_1_1' title="bbox 894 677 1038 780; baseline -0.028 -22"><span class='ocrx_word' id='word_1_1' title='bbox 894 677 1038 780; x_wconf 76' lang='lat' dir='ltr'><strong>(ess)</strong></span> 
     </span>
    </p>
   </div>
   <div class='ocr_carea' id='block_1_2' title="bbox 248 832 1773 1570">
    <p class='ocr_par' dir='ltr' id='par_1_2' title="bbox 248 832 1773 1570">
     <span class='ocr_line' id='line_1_2' title="bbox 249 832 1673 940; baseline -0.003 -26"><span class='ocrx_word' id='word_1_2' title='bbox 249 851 283 915; x_wconf 85' lang='lat' dir='ltr'><strong>ct</strong></span> <span class='ocrx_word' id='word_1_3' title='bbox 306 851 340 914; x_wconf 84' lang='lat' dir='ltr'><strong>at</strong></span> <span class='ocrx_word' id='word_1_4' title='bbox 359 839 429 937; x_wconf 82' lang='lat' dir='ltr'><strong>ipsa</strong></span> <span class='ocrx_word' id='word_1_5' title='bbox 448 839 589 940; x_wconf 74' lang='lat' dir='ltr'><strong>corrigia</strong></span> <span class='ocrx_word' id='word_1_6' title='bbox 610 841 743 916; x_wconf 82' lang='lat' dir='ltr'><strong>coberet</strong></span> <span class='ocrx_word' id='word_1_7' title='bbox 765 836 828 914; x_wconf 80' lang='lat' dir='ltr'><strong>siri</strong></span> <span class='ocrx_word' id='word_1_8' title='bbox 854 832 896 910; x_wconf 77' lang='lat' dir='ltr'><strong>ab</strong></span> <span class='ocrx_word' id='word_1_9' title='bbox 918 859 987 912; x_wconf 89' lang='lat' dir='ltr'><strong>nno</strong></span> <span class='ocrx_word' id='word_1_10' title='bbox 1015 835 1116 912; x_wconf 81' lang='lat' dir='ltr'><strong>latere</strong></span> <span class='ocrx_word' id='word_1_11' title='bbox 1135 847 1227 936; x_wconf 84' lang='lat' dir='ltr'><strong>parto</strong></span> <span class='ocrx_word' id='word_1_12' title='bbox 1251 839 1429 914; x_wconf 82' lang='lat' dir='ltr'><strong>meridiane</strong></span> <span class='ocrx_word' id='word_1_13' title='bbox 1450 849 1499 912; x_wconf 88' lang='lat' dir='ltr'><strong>est</strong></span> <span class='ocrx_word' id='word_1_14' title='bbox 1521 847 1608 914; x_wconf 88' lang='lat' dir='ltr'><strong>terra</strong></span> <span class='ocrx_word' id='word_1_15' title='bbox 1632 839 1673 914; x_wconf 84' lang='lat' dir='ltr'><strong>de</strong></span> 
     </span>
     <span class='ocr_line' id='line_1_3' title="bbox 249 959 1672 1061; baseline -0.004 -23"><span class='ocrx_word' id='word_1_16' title='bbox 249 965 311 1060; x_wconf 88' lang='lat' dir='ltr'><strong>ipsi</strong></span> <span class='ocrx_word' id='word_1_17' title='bbox 334 963 508 1040; x_wconf 81' lang='lat' dir='ltr'><strong>rindinini:</strong></span> <span class='ocrx_word' id='word_1_18' title='bbox 531 963 626 1038; x_wconf 87' lang='lat' dir='ltr'><strong>etde</strong></span> <span class='ocrx_word' id='word_1_19' title='bbox 645 959 710 1036; x_wconf 83' lang='lat' dir='ltr'><strong>atio</strong></span> <span class='ocrx_word' id='word_1_20' title='bbox 734 961 835 1038; x_wconf 74' lang='lat' dir='ltr'><strong>dotem</strong></span> <span class='ocrx_word' id='word_1_21' title='bbox 854 973 946 1061; x_wconf 83' lang='lat' dir='ltr'><strong>paru</strong></span> <span class='ocrx_word' id='word_1_22' title='bbox 968 962 1194 1057; x_wconf 81' lang='lat' dir='ltr'><strong>septentrionis</strong></span> <span class='ocrx_word' id='word_1_23' title='bbox 1216 971 1265 1037; x_wconf 85' lang='lat' dir='ltr'><strong>est</strong></span> <span class='ocrx_word' id='word_1_24' title='bbox 1279 971 1366 1035; x_wconf 83' lang='lat' dir='ltr'><strong>terra</strong></span> <span class='ocrx_word' id='word_1_25' title='bbox 1388 965 1429 1037; x_wconf 86' lang='lat' dir='ltr'><strong>ds</strong></span> <span class='ocrx_word' id='word_1_26' title='bbox 1445 961 1508 1058; x_wconf 87' lang='lat' dir='ltr'><strong>ipsi</strong></span> <span class='ocrx_word' id='word_1_27' title='bbox 1531 961 1672 1037; x_wconf 78' lang='lat' dir='ltr'><strong>cisiarii:</strong></span> 
     </span>
     <span class='ocr_line' id='line_1_4' title="bbox 249 1085 1673 1185; baseline 0 -23"><span class='ocrx_word' id='word_1_28' title='bbox 249 1089 290 1162; x_wconf 87' lang='lat' dir='ltr'><strong>de</strong></span> <span class='ocrx_word' id='word_1_29' title='bbox 311 1107 381 1164; x_wconf 88' lang='lat' dir='ltr'><strong>uno</strong></span> <span class='ocrx_word' id='word_1_30' title='bbox 403 1086 508 1185; x_wconf 81' lang='lat' dir='ltr'><strong>eapite</strong></span> <span class='ocrx_word' id='word_1_31' title='bbox 532 1095 624 1183; x_wconf 84' lang='lat' dir='ltr'><strong>parts</strong></span> <span class='ocrx_word' id='word_1_32' title='bbox 647 1085 782 1160; x_wconf 82' lang='lat' dir='ltr'><strong>orient’s</strong></span> <span class='ocrx_word' id='word_1_33' title='bbox 807 1095 859 1159; x_wconf 87' lang='lat' dir='ltr'><strong>est</strong></span> <span class='ocrx_word' id='word_1_34' title='bbox 876 1094 1058 1162; x_wconf 85' lang='lat' dir='ltr'><strong>memorato</strong></span> <span class='ocrx_word' id='word_1_35' title='bbox 1077 1107 1195 1182; x_wconf 87' lang='lat' dir='ltr'><strong>campo</strong></span> <span class='ocrx_word' id='word_1_36' title='bbox 1214 1095 1338 1162; x_wconf 74' lang='lat' dir='ltr'><strong>vesum</strong></span> <span class='ocrx_word' id='word_1_37' title='bbox 1361 1096 1395 1158; x_wconf 89' lang='lat' dir='ltr'><strong>et</strong></span> <span class='ocrx_word' id='word_1_38' title='bbox 1419 1089 1460 1160; x_wconf 83' lang='lat' dir='ltr'><strong>de</strong></span> <span class='ocrx_word' id='word_1_39' title='bbox 1480 1087 1546 1160; x_wconf 83' lang='lat' dir='ltr'><strong>alio</strong></span> <span class='ocrx_word' id='word_1_40' title='bbox 1569 1088 1673 1185; x_wconf 82' lang='lat' dir='ltr'><strong>capite</strong></span> 
     </span>
     <span class='ocr_line' id='line_1_5' title="bbox 248 1213 1675 1314; baseline -0.001 -24"><span class='ocrx_word' id='word_1_41' title='bbox 248 1223 340 1310; x_wconf 81' lang='lat' dir='ltr'><strong>parte</strong></span> <span class='ocrx_word' id='word_1_42' title='bbox 354 1216 531 1290; x_wconf 83' lang='lat' dir='ltr'><strong>occidentis</strong></span> <span class='ocrx_word' id='word_1_43' title='bbox 559 1216 691 1290; x_wconf 84' lang='lat' dir='ltr'><strong>coberet</strong></span> <span class='ocrx_word' id='word_1_44' title='bbox 705 1217 758 1290; x_wconf 82' lang='lat' dir='ltr'><strong>ria</strong></span> <span class='ocrx_word' id='word_1_45' title='bbox 772 1213 925 1312; x_wconf 82' lang='lat' dir='ltr'><strong>publice:</strong></span> <span class='ocrx_word' id='word_1_46' title='bbox 942 1237 1025 1314; x_wconf 86' lang='lat' dir='ltr'><strong>quas</strong></span> <span class='ocrx_word' id='word_1_47' title='bbox 1049 1239 1131 1290; x_wconf 84' lang='lat' dir='ltr'><strong>vero</strong></span> <span class='ocrx_word' id='word_1_48' title='bbox 1152 1221 1370 1290; x_wconf 86' lang='lat' dir='ltr'><strong>memoratum</strong></span> <span class='ocrx_word' id='word_1_49' title='bbox 1395 1213 1560 1312; x_wconf 79' lang='lat' dir='ltr'><strong>integrum</strong></span> <span class='ocrx_word' id='word_1_50' title='bbox 1585 1239 1675 1289; x_wconf 85' lang='lat' dir='ltr'><strong>cem·</strong></span> 
     </span>
     <span class='ocr_line' id='line_1_6' title="bbox 249 1345 1773 1443; baseline 0.002 -28"><span class='ocrx_word' id='word_1_51' title='bbox 249 1365 330 1438; x_wconf 88' lang='lat' dir='ltr'><strong>pum</strong></span> <span class='ocrx_word' id='word_1_52' title='bbox 352 1365 429 1418; x_wconf 88' lang='lat' dir='ltr'><strong>cum</strong></span> <span class='ocrx_word' id='word_1_53' title='bbox 451 1353 631 1418; x_wconf 77' lang='lat' dir='ltr'><strong>memorate</strong></span> <span class='ocrx_word' id='word_1_54' title='bbox 654 1345 805 1418; x_wconf 81' lang='lat' dir='ltr'><strong>intersim</strong></span> <span class='ocrx_word' id='word_1_55' title='bbox 828 1351 860 1419; x_wconf 86' lang='lat' dir='ltr'><strong>et</strong></span> <span class='ocrx_word' id='word_1_56' title='bbox 883 1367 960 1418; x_wconf 86' lang='lat' dir='ltr'><strong>enm</strong></span> <span class='ocrx_word' id='word_1_57' title='bbox 985 1353 1165 1418; x_wconf 83' lang='lat' dir='ltr'><strong>memorata</strong></span> <span class='ocrx_word' id='word_1_58' title='bbox 1189 1345 1316 1442; x_wconf 76' lang='lat' dir='ltr'><strong>integra</strong></span> <span class='ocrx_word' id='word_1_59' title='bbox 1338 1345 1478 1443; x_wconf 79' lang='lat' dir='ltr'><strong>corrigia</strong></span> <span class='ocrx_word' id='word_1_60' title='bbox 1501 1347 1543 1422; x_wconf 93' lang='lat' dir='ltr'><strong>dc</strong></span> <span class='ocrx_word' id='word_1_61' title='bbox 1574 1357 1675 1424; x_wconf 84' lang='lat' dir='ltr'><strong>terras</strong></span> <span class='ocrx_word' id='word_1_62' title='bbox 1770 1393 1773 1402; x_wconf 86' lang='lat'><em>·</em></span> 
     </span>
     <span class='ocr_line' id='line_1_7' title="bbox 248 1460 1674 1570; baseline 0.003 -26"><span class='ocrx_word' id='word_1_63' title='bbox 248 1471 392 1568; x_wconf 57' lang='lat' dir='ltr'><strong>velites·</strong></span> <span class='ocrx_word' id='word_1_64' title='bbox 414 1493 475 1566; x_wconf 87' lang='lat' dir='ltr'><strong>per</strong></span> <span class='ocrx_word' id='word_1_65' title='bbox 497 1472 699 1546; x_wconf 87' lang='lat' dir='ltr'><strong>eobsrentias</strong></span> <span class='ocrx_word' id='word_1_66' title='bbox 722 1469 796 1544; x_wconf 86' lang='lat' dir='ltr'><strong>iilos</strong></span> <span class='ocrx_word' id='word_1_67' title='bbox 818 1473 1088 1567; x_wconf 75' lang='lat' dir='ltr'><strong>cxegregavimns</strong></span> <span class='ocrx_word' id='word_1_68' title='bbox 1111 1483 1149 1545; x_wconf 87' lang='lat' dir='ltr'><strong>nt</strong></span> <span class='ocrx_word' id='word_1_69' title='bbox 1163 1495 1261 1569; x_wconf 92' lang='lat' dir='ltr'><strong>snper</strong></span> <span class='ocrx_word' id='word_1_70' title='bbox 1274 1473 1396 1570; x_wconf 79' lang='lat' dir='ltr'><strong>legitur</strong></span> <span class='ocrx_word' id='word_1_71' title='bbox 1412 1460 1505 1548; x_wconf 86' lang='lat' dir='ltr'><strong>nobis</strong></span> <span class='ocrx_word' id='word_1_72' title='bbox 1532 1475 1674 1548; x_wconf 83' lang='lat' dir='ltr'><strong>nostris·-</strong></span> 
     </span>
    </p>
   </div>
   <div class='ocr_carea' id='block_1_3' title="bbox 248 1595 1793 1693">
    <p class='ocr_par' dir='ltr' id='par_1_3' title="bbox 248 1595 1793 1693">
     <span class='ocr_line' id='line_1_8' title="bbox 248 1595 1793 1693; baseline 0 -21"><span class='ocrx_word' id='word_1_73' title='bbox 248 1620 318 1692; x_wconf 83' lang='lat' dir='ltr'><strong>qne</strong></span> <span class='ocrx_word' id='word_1_74' title='bbox 341 1597 515 1672; x_wconf 76' lang='lat' dir='ltr'><strong>heredibus</strong></span> <span class='ocrx_word' id='word_1_75' title='bbox 538 1597 696 1672; x_wconf 84' lang='lat' dir='ltr'><strong>dedistitis</strong></span> <span class='ocrx_word' id='word_1_76' title='bbox 718 1599 755 1670; x_wconf 92' lang='lat' dir='ltr'><strong>in</strong></span> <span class='ocrx_word' id='word_1_77' title='bbox 777 1595 911 1693; x_wconf 80' lang='lat' dir='ltr'><strong>ooliigic</strong></span> <span class='ocrx_word' id='word_1_78' title='bbox 944 1605 978 1670; x_wconf 88' lang='lat' dir='ltr'><strong>at</strong></span> <span class='ocrx_word' id='word_1_79' title='bbox 1005 1597 1216 1668; x_wconf 85' lang='lat' dir='ltr'><strong>lavorandum</strong></span> <span class='ocrx_word' id='word_1_80' title='bbox 1245 1606 1278 1668; x_wconf 90' lang='lat' dir='ltr'><strong>at</strong></span> <span class='ocrx_word' id='word_1_81' title='bbox 1306 1597 1533 1670; x_wconf 88' lang='lat' dir='ltr'><strong>detinendum:</strong></span> <span class='ocrx_word' id='word_1_82' title='bbox 1569 1599 1609 1671; x_wconf 64' lang='lat' dir='ltr'><strong>in‘</strong></span> <span class='ocrx_word' id='word_1_83' title='bbox 1634 1625 1675 1672; x_wconf 92' lang='lat' dir='ltr'><strong>eo</strong></span> <span class='ocrx_word' id='word_1_84' title='bbox 1784 1675 1793 1685; x_wconf 74' lang='grc'><strong>,</strong></span> 
     </span>
    </p>
   </div>
   <div class='ocr_carea' id='block_1_4' title="bbox 178 1722 1743 2962">
    <p class='ocr_par' dir='ltr' id='par_1_4' title="bbox 178 1722 1743 2962">
     <span class='ocr_line' id='line_1_9' title="bbox 251 1722 1675 1819; baseline -0.001 -19"><span class='ocrx_word' id='word_1_85' title='bbox 251 1725 341 1800; x_wconf 81' lang='lat' dir='ltr'><strong>enim</strong></span> <span class='ocrx_word' id='word_1_86' title='bbox 366 1733 478 1800; x_wconf 85' lang='lat' dir='ltr'><strong>tenore</strong></span> <span class='ocrx_word' id='word_1_87' title='bbox 501 1734 540 1799; x_wconf 88' lang='lat' dir='ltr'><strong>nt</strong></span> <span class='ocrx_word' id='word_1_88' title='bbox 562 1723 638 1798; x_wconf 86' lang='lat' dir='ltr'><strong>sbto</strong></span> <span class='ocrx_word' id='word_1_89' title='bbox 661 1733 807 1819; x_wconf 85' lang='lat' dir='ltr'><strong>tempere</strong></span> <span class='ocrx_word' id='word_1_90' title='bbox 829 1743 890 1794; x_wconf 91' lang='lat' dir='ltr'><strong>nos</strong></span> <span class='ocrx_word' id='word_1_91' title='bbox 913 1733 947 1794; x_wconf 82' lang='lat' dir='ltr'><strong>et</strong></span> <span class='ocrx_word' id='word_1_92' title='bbox 968 1722 1141 1796; x_wconf 72' lang='lat' dir='ltr'>heredibus</span> <span class='ocrx_word' id='word_1_93' title='bbox 1163 1723 1281 1796; x_wconf 86' lang='lat' dir='ltr'><strong>nostris</strong></span> <span class='ocrx_word' id='word_1_94' title='bbox 1313 1723 1387 1795; x_wconf 87' lang='lat' dir='ltr'><strong>iilos</strong></span> <span class='ocrx_word' id='word_1_95' title='bbox 1415 1747 1498 1798; x_wconf 86' lang='lat' dir='ltr'><strong>uene</strong></span> <span class='ocrx_word' id='word_1_96' title='bbox 1531 1735 1564 1795; x_wconf 87' lang='lat' dir='ltr'><strong>et</strong></span> <span class='ocrx_word' id='word_1_97' title='bbox 1595 1725 1675 1799; x_wconf 82' lang='lat' dir='ltr'><strong>diii-</strong></span> 
     </span>
     <span class='ocr_line' id='line_1_10' title="bbox 251 1845 1675 1946; baseline 0.005 -24"><span class='ocrx_word' id='word_1_98' title='bbox 251 1855 367 1945; x_wconf 74' lang='lat' dir='ltr'><strong>genter</strong></span> <span class='ocrx_word' id='word_1_99' title='bbox 389 1845 539 1923; x_wconf 81' lang='lat' dir='ltr'><strong>irrorare</strong></span> <span class='ocrx_word' id='word_1_100' title='bbox 561 1857 595 1920; x_wconf 82' lang='lat' dir='ltr'><strong>et</strong></span> <span class='ocrx_word' id='word_1_101' title='bbox 617 1848 769 1924; x_wconf 81' lang='lat' dir='ltr'><strong>excoiere</strong></span> <span class='ocrx_word' id='word_1_102' title='bbox 800 1857 835 1922; x_wconf 91' lang='lat' dir='ltr'><strong>ct</strong></span> <span class='ocrx_word' id='word_1_103' title='bbox 869 1859 904 1920; x_wconf 88' lang='lat' dir='ltr'><strong>at</strong></span> <span class='ocrx_word' id='word_1_104' title='bbox 938 1847 1109 1924; x_wconf 88' lang='lat' dir='ltr'><strong>meliorem</strong></span> <span class='ocrx_word' id='word_1_105' title='bbox 1147 1847 1272 1920; x_wconf 90' lang='lat' dir='ltr'><strong>cultum</strong></span> <span class='ocrx_word' id='word_1_106' title='bbox 1301 1850 1476 1946; x_wconf 75' lang='lat' dir='ltr'><strong>perducere</strong></span> <span class='ocrx_word' id='word_1_107' title='bbox 1503 1850 1675 1929; x_wconf 85' lang='lat' dir='ltr'><strong>debeamus</strong></span> 
     </span>
     <span class='ocr_line' id='line_1_11' title="bbox 251 1971 1676 2070; baseline 0.006 -24"><span class='ocrx_word' id='word_1_108' title='bbox 251 1993 330 2047; x_wconf 85' lang='lat' dir='ltr'><strong>cum</strong></span> <span class='ocrx_word' id='word_1_109' title='bbox 354 1971 454 2048; x_wconf 80' lang='lat' dir='ltr'><strong>robes</strong></span> <span class='ocrx_word' id='word_1_110' title='bbox 479 1984 607 2050; x_wconf 71' lang='lat' dir='ltr'><strong>nostes</strong></span> <span class='ocrx_word' id='word_1_111' title='bbox 631 1985 665 2049; x_wconf 85' lang='lat' dir='ltr'><strong>et</strong></span> <span class='ocrx_word' id='word_1_112' title='bbox 686 1977 905 2050; x_wconf 83' lang='lat' dir='ltr'><strong>conciaturiss</strong></span> <span class='ocrx_word' id='word_1_113' title='bbox 928 1975 981 2050; x_wconf 82' lang='lat' dir='ltr'><strong>vel</strong></span> <span class='ocrx_word' id='word_1_114' title='bbox 1004 1974 1130 2050; x_wconf 83' lang='lat' dir='ltr'><strong>omniu</strong></span> <span class='ocrx_word' id='word_1_115' title='bbox 1146 1997 1303 2070; x_wconf 81' lang='lat' dir='ltr'><strong>expensos</strong></span> <span class='ocrx_word' id='word_1_116' title='bbox 1326 1978 1531 2053; x_wconf 81' lang='lat' dir='ltr'><strong>cuneuminas</strong></span> <span class='ocrx_word' id='word_1_117' title='bbox 1545 1991 1579 2054; x_wconf 91' lang='lat' dir='ltr'><strong>et</strong></span> <span class='ocrx_word' id='word_1_118' title='bbox 1593 1981 1676 2056; x_wconf 78' lang='lat' dir='ltr'><strong>uites</strong></span> 
     </span>
     <span class='ocr_line' id='line_1_12' title="bbox 178 2102 1676 2203; baseline 0.005 -25"><span class='ocrx_word' id='word_1_119' title='bbox 178 2181 181 2186; x_wconf 76' lang='grc'>,</span> <span class='ocrx_word' id='word_1_120' title='bbox 250 2103 371 2178; x_wconf 87' lang='lat' dir='ltr'><strong>ibidem</strong></span> <span class='ocrx_word' id='word_1_121' title='bbox 396 2107 487 2180; x_wconf 87' lang='lat' dir='ltr'><strong>omni</strong></span> <span class='ocrx_word' id='word_1_122' title='bbox 512 2128 619 2180; x_wconf 85' lang='lat' dir='ltr'><strong>mnne</strong></span> <span class='ocrx_word' id='word_1_123' title='bbox 642 2129 764 2203; x_wconf 87' lang='lat' dir='ltr'><strong>ponera</strong></span> <span class='ocrx_word' id='word_1_124' title='bbox 799 2116 833 2180; x_wconf 89' lang='lat' dir='ltr'><strong>et</strong></span> <span class='ocrx_word' id='word_1_125' title='bbox 854 2104 1000 2200; x_wconf 76' lang='lat' dir='ltr'><strong>plantare</strong></span> <span class='ocrx_word' id='word_1_126' title='bbox 1023 2102 1197 2180; x_wconf 80' lang='lat' dir='ltr'><strong>debesmru</strong></span> <span class='ocrx_word' id='word_1_127' title='bbox 1220 2105 1279 2178; x_wconf 92' lang='lat' dir='ltr'><strong>ubi</strong></span> <span class='ocrx_word' id='word_1_128' title='bbox 1302 2128 1470 2181; x_wconf 76' lang='lat' dir='ltr'><strong>necessum</strong></span> <span class='ocrx_word' id='word_1_129' title='bbox 1492 2109 1615 2184; x_wconf 80' lang='lat' dir='ltr'><strong>fueris:</strong></span> <span class='ocrx_word' id='word_1_130' title='bbox 1642 2121 1676 2185; x_wconf 85' lang='lat' dir='ltr'><strong>et</strong></span> 
     </span>
     <span class='ocr_line' id='line_1_13' title="bbox 251 2231 1675 2333; baseline 0.006 -29"><span class='ocrx_word' id='word_1_131' title='bbox 251 2231 336 2306; x_wconf 87' lang='lat' dir='ltr'><strong>siout</strong></span> <span class='ocrx_word' id='word_1_132' title='bbox 358 2233 482 2311; x_wconf 84' lang='lat' dir='ltr'><strong>iustum</strong></span> <span class='ocrx_word' id='word_1_133' title='bbox 506 2235 632 2308; x_wconf 80' lang='lat' dir='ltr'><strong>tueris:</strong></span> <span class='ocrx_word' id='word_1_134' title='bbox 657 2247 691 2308; x_wconf 86' lang='lat' dir='ltr'><strong>et</strong></span> <span class='ocrx_word' id='word_1_135' title='bbox 714 2235 792 2332; x_wconf 88' lang='lat' dir='ltr'><strong>ipsis</strong></span> <span class='ocrx_word' id='word_1_136' title='bbox 813 2237 939 2310; x_wconf 85' lang='lat' dir='ltr'><strong>arvoris</strong></span> <span class='ocrx_word' id='word_1_137' title='bbox 961 2242 1111 2332; x_wconf 85' lang='lat' dir='ltr'><strong>trappere</strong></span> <span class='ocrx_word' id='word_1_138' title='bbox 1135 2243 1168 2308; x_wconf 87' lang='lat' dir='ltr'><strong>et</strong></span> <span class='ocrx_word' id='word_1_139' title='bbox 1190 2243 1303 2330; x_wconf 85' lang='lat' dir='ltr'><strong>potere</strong></span> <span class='ocrx_word' id='word_1_140' title='bbox 1324 2243 1358 2308; x_wconf 85' lang='lat' dir='ltr'><strong>et</strong></span> <span class='ocrx_word' id='word_1_141' title='bbox 1375 2239 1591 2333; x_wconf 74' lang='lat' dir='ltr'><strong>propaginare</strong></span> <span class='ocrx_word' id='word_1_142' title='bbox 1618 2241 1675 2313; x_wconf 86' lang='lat' dir='ltr'><strong>de·</strong></span> 
     </span>
     <span class='ocr_line' id='line_1_14' title="bbox 255 2345 1676 2454; baseline 0.004 -22"><span class='ocrx_word' id='word_1_143' title='bbox 255 2355 392 2434; x_wconf 84' lang='lat' dir='ltr'><strong>beemns</strong></span> <span class='ocrx_word' id='word_1_144' title='bbox 415 2345 586 2454; x_wconf 76' lang='lat' dir='ltr'><strong>quomode</strong></span> <span class='ocrx_word' id='word_1_145' title='bbox 609 2360 732 2430; x_wconf 89' lang='lat' dir='ltr'><strong>iustum</strong></span> <span class='ocrx_word' id='word_1_146' title='bbox 755 2359 857 2430; x_wconf 83' lang='lat' dir='ltr'><strong>tueris</strong></span> <span class='ocrx_word' id='word_1_147' title='bbox 880 2369 915 2431; x_wconf 88' lang='lat' dir='ltr'><strong>et</strong></span> <span class='ocrx_word' id='word_1_148' title='bbox 935 2361 1113 2432; x_wconf 87' lang='lat' dir='ltr'><strong>merueris:</strong></span> <span class='ocrx_word' id='word_1_149' title='bbox 1137 2366 1171 2430; x_wconf 84' lang='lat' dir='ltr'><strong>et</strong></span> <span class='ocrx_word' id='word_1_150' title='bbox 1194 2362 1287 2434; x_wconf 90' lang='lat' dir='ltr'><strong>omni</strong></span> <span class='ocrx_word' id='word_1_151' title='bbox 1308 2385 1413 2436; x_wconf 88' lang='lat' dir='ltr'><strong>annue</strong></span> <span class='ocrx_word' id='word_1_152' title='bbox 1436 2363 1476 2434; x_wconf 91' lang='lat' dir='ltr'><strong>de</strong></span> <span class='ocrx_word' id='word_1_153' title='bbox 1489 2372 1596 2437; x_wconf 83' lang='lat' dir='ltr'><strong>nostra</strong></span> <span class='ocrx_word' id='word_1_154' title='bbox 1619 2385 1676 2438; x_wconf 85' lang='lat' dir='ltr'><strong>se-</strong></span> 
     </span>
     <span class='ocr_line' id='line_1_15' title="bbox 249 2477 1743 2574; baseline 0.008 -24"><span class='ocrx_word' id='word_1_155' title='bbox 249 2485 368 2550; x_wconf 90' lang='lat' dir='ltr'><strong>mente</strong></span> <span class='ocrx_word' id='word_1_156' title='bbox 390 2477 465 2550; x_wconf 87' lang='lat' dir='ltr'><strong>illos</strong></span> <span class='ocrx_word' id='word_1_157' title='bbox 488 2477 648 2550; x_wconf 73' lang='lat' dir='ltr'><strong>seminus</strong></span> <span class='ocrx_word' id='word_1_158' title='bbox 672 2477 869 2551; x_wconf 84' lang='lat' dir='ltr'><strong>debeamus:</strong></span> <span class='ocrx_word' id='word_1_159' title='bbox 891 2488 926 2558; x_wconf 81' lang='lat' dir='ltr'><strong>et</strong></span> <span class='ocrx_word' id='word_1_160' title='bbox 948 2479 1180 2574; x_wconf 80' lang='lat' dir='ltr'><strong>quodcumque</strong></span> <span class='ocrx_word' id='word_1_161' title='bbox 1203 2482 1298 2552; x_wconf 90' lang='lat' dir='ltr'><strong>nobis</strong></span> <span class='ocrx_word' id='word_1_162' title='bbox 1321 2483 1410 2553; x_wconf 88' lang='lat' dir='ltr'><strong>omni</strong></span> <span class='ocrx_word' id='word_1_163' title='bbox 1426 2507 1532 2558; x_wconf 88' lang='lat' dir='ltr'><strong>annno</strong></span> <span class='ocrx_word' id='word_1_164' title='bbox 1555 2487 1677 2564; x_wconf 82' lang='lat' dir='ltr'><strong>ibidem</strong></span> <span class='ocrx_word' id='word_1_165' title='bbox 1740 2557 1743 2566; x_wconf 86' lang='grc'><strong>,</strong></span> 
     </span>
     <span class='ocr_line' id='line_1_16' title="bbox 254 2591 1677 2700; baseline 0.007 -26"><span class='ocrx_word' id='word_1_166' title='bbox 254 2601 339 2674; x_wconf 84' lang='lat' dir='ltr'><strong>dens</strong></span> <span class='ocrx_word' id='word_1_167' title='bbox 361 2601 489 2676; x_wconf 88' lang='lat' dir='ltr'><strong>dederis</strong></span> <span class='ocrx_word' id='word_1_168' title='bbox 512 2603 548 2674; x_wconf 92' lang='lat' dir='ltr'><strong>in</strong></span> <span class='ocrx_word' id='word_1_169' title='bbox 581 2601 728 2700; x_wconf 83' lang='lat' dir='ltr'><strong>quoliret</strong></span> <span class='ocrx_word' id='word_1_170' title='bbox 750 2601 930 2676; x_wconf 84' lang='lat' dir='ltr'><strong>seminatus</strong></span> <span class='ocrx_word' id='word_1_171' title='bbox 952 2623 1018 2700; x_wconf 83' lang='lat' dir='ltr'><strong>qne</strong></span> <span class='ocrx_word' id='word_1_172' title='bbox 1050 2601 1173 2677; x_wconf 85' lang='lat' dir='ltr'><strong>ibidem</strong></span> <span class='ocrx_word' id='word_1_173' title='bbox 1203 2591 1477 2677; x_wconf 74' lang='lat' dir='ltr'><strong>seminaberimus</strong></span> <span class='ocrx_word' id='word_1_174' title='bbox 1501 2607 1537 2678; x_wconf 94' lang='lat' dir='ltr'><strong>in</strong></span> <span class='ocrx_word' id='word_1_175' title='bbox 1567 2620 1677 2684; x_wconf 85' lang='lat' dir='ltr'><strong>nostra</strong></span> 
     </span>
     <span class='ocr_line' id='line_1_17' title="bbox 253 2728 1673 2831; baseline 0.009 -29"><span class='ocrx_word' id='word_1_176' title='bbox 253 2731 437 2826; x_wconf 72' lang='lat' dir='ltr'><strong>nostrisque</strong></span> <span class='ocrx_word' id='word_1_177' title='bbox 462 2728 637 2806; x_wconf 82' lang='lat' dir='ltr'><strong>heredibus</strong></span> <span class='ocrx_word' id='word_1_178' title='bbox 660 2731 725 2806; x_wconf 88' lang='lat' dir='ltr'><strong>sint</strong></span> <span class='ocrx_word' id='word_1_179' title='bbox 746 2739 902 2829; x_wconf 88' lang='lat' dir='ltr'><strong>potestate</strong></span> <span class='ocrx_word' id='word_1_180' title='bbox 925 2729 1013 2807; x_wconf 91' lang='lat' dir='ltr'><strong>uude</strong></span> <span class='ocrx_word' id='word_1_181' title='bbox 1036 2731 1159 2806; x_wconf 88' lang='lat' dir='ltr'><strong>nullam</strong></span> <span class='ocrx_word' id='word_1_182' title='bbox 1182 2731 1276 2805; x_wconf 90' lang='lat' dir='ltr'><strong>nobis</strong></span> <span class='ocrx_word' id='word_1_183' title='bbox 1310 2730 1428 2806; x_wconf 85' lang='lat' dir='ltr'><strong>exinde</strong></span> <span class='ocrx_word' id='word_1_184' title='bbox 1451 2736 1592 2831; x_wconf 85' lang='lat' dir='ltr'><strong>queratis</strong></span> <span class='ocrx_word' id='word_1_185' title='bbox 1615 2747 1673 2815; x_wconf 88' lang='lat' dir='ltr'><strong>aut</strong></span> 
     </span>
     <span class='ocr_line' id='line_1_18' title="bbox 255 2857 1675 2962; baseline 0.006 -29"><span class='ocrx_word' id='word_1_186' title='bbox 255 2857 400 2933; x_wconf 74' lang='lat' dir='ltr'><strong>teilatisz</strong></span> <span class='ocrx_word' id='word_1_187' title='bbox 428 2861 653 2936; x_wconf 87' lang='lat' dir='ltr'><strong>tantummodo</strong></span> <span class='ocrx_word' id='word_1_188' title='bbox 675 2861 790 2934; x_wconf 84' lang='lat' dir='ltr'><strong>bonni</strong></span> <span class='ocrx_word' id='word_1_189' title='bbox 814 2883 919 2936; x_wconf 87' lang='lat' dir='ltr'><strong>annue</strong></span> <span class='ocrx_word' id='word_1_190' title='bbox 941 2885 1003 2953; x_wconf 83' lang='lat' dir='ltr'><strong>nos</strong></span> <span class='ocrx_word' id='word_1_191' title='bbox 1025 2871 1058 2934; x_wconf 91' lang='lat' dir='ltr'><strong>et</strong></span> <span class='ocrx_word' id='word_1_192' title='bbox 1080 2861 1253 2962; x_wconf 74' lang='lat' dir='ltr'><strong>heredibus</strong></span> <span class='ocrx_word' id='word_1_193' title='bbox 1275 2863 1394 2936; x_wconf 87' lang='lat' dir='ltr'><strong>nostris</strong></span> <span class='ocrx_word' id='word_1_194' title='bbox 1416 2863 1511 2938; x_wconf 82' lang='lat' dir='ltr'><strong>robis</strong></span> <span class='ocrx_word' id='word_1_195' title='bbox 1537 2867 1675 2941; x_wconf 75' lang='lat' dir='ltr'><strong>vestis-</strong></span> 
     </span>
    </p>
   </div>
   <div class='ocr_carea' id='block_1_5' title="bbox 255 2985 1834 3081">
    <p class='ocr_par' dir='ltr' id='par_1_5' title="bbox 255 2985 1834 3081">
     <span class='ocr_line' id='line_1_19' title="bbox 255 2985 1834 3081; baseline 0.008 -26"><span class='ocrx_word' id='word_1_196' title='bbox 255 3003 321 3081; x_wconf 78' lang='lat' dir='ltr'><strong>qne</strong></span> <span class='ocrx_word' id='word_1_197' title='bbox 343 2988 482 3078; x_wconf 86' lang='lat' dir='ltr'><strong>posteris</strong></span> <span class='ocrx_word' id='word_1_198' title='bbox 506 2995 539 3058; x_wconf 88' lang='lat' dir='ltr'><strong>et</strong></span> <span class='ocrx_word' id='word_1_199' title='bbox 561 2985 597 3058; x_wconf 89' lang='lat' dir='ltr'><strong>in</strong></span> <span class='ocrx_word' id='word_1_200' title='bbox 618 2993 835 3062; x_wconf 87' lang='lat' dir='ltr'><strong>memoratum</strong></span> <span class='ocrx_word' id='word_1_201' title='bbox 858 2987 1075 3062; x_wconf 78' lang='lat' dir='ltr'><strong>infirmarium</strong></span> <span class='ocrx_word' id='word_1_202' title='bbox 1099 2989 1243 3062; x_wconf 69' lang='lat' dir='ltr'><strong>benum</strong></span> <span class='ocrx_word' id='word_1_203' title='bbox 1259 2987 1376 3062; x_wconf 84' lang='lat' dir='ltr'><strong>exinde</strong></span> <span class='ocrx_word' id='word_1_204' title='bbox 1392 2990 1579 3066; x_wconf 77' lang='lat' dir='ltr'><strong>terraticum</strong></span> <span class='ocrx_word' id='word_1_205' title='bbox 1598 2991 1677 3066; x_wconf 83' lang='lat' dir='ltr'><strong>dare</strong></span> <span class='ocrx_word' id='word_1_206' title='bbox 1821 3029 1834 3078; x_wconf 66' lang='lat' dir='ltr'>g</span> 
     </span>
    </p>
   </div>
   <div class='ocr_carea' id='block_1_6' title="bbox 253 3109 1677 3211">
    <p class='ocr_par' dir='ltr' id='par_1_6' title="bbox 253 3109 1677 3211">
     <span class='ocr_line' id='line_1_20' title="bbox 253 3109 1677 3211; baseline 0.006 -27"><span class='ocrx_word' id='word_1_207' title='bbox 253 3118 289 3184; x_wconf 87' lang='lat' dir='ltr'><strong>et</strong></span> <span class='ocrx_word' id='word_1_208' title='bbox 312 3110 464 3185; x_wconf 87' lang='lat' dir='ltr'><strong>atdueere</strong></span> <span class='ocrx_word' id='word_1_209' title='bbox 486 3109 662 3186; x_wconf 54' lang='lat' dir='ltr'><strong>&amp;beamus</strong></span> <span class='ocrx_word' id='word_1_210' title='bbox 684 3135 743 3209; x_wconf 85' lang='lat' dir='ltr'><strong>per</strong></span> <span class='ocrx_word' id='word_1_211' title='bbox 765 3111 939 3188; x_wconf 70' lang='lat' dir='ltr'><strong>tetriore</strong></span> <span class='ocrx_word' id='word_1_212' title='bbox 962 3124 1071 3188; x_wconf 86' lang='lat' dir='ltr'><strong>sancte</strong></span> <span class='ocrx_word' id='word_1_213' title='bbox 1094 3113 1195 3188; x_wconf 81' lang='lat' dir='ltr'><strong>marie</strong></span> <span class='ocrx_word' id='word_1_214' title='bbox 1218 3113 1260 3186; x_wconf 91' lang='lat' dir='ltr'><strong>de</strong></span> <span class='ocrx_word' id='word_1_215' title='bbox 1282 3123 1420 3211; x_wconf 78' lang='lat' dir='ltr'><strong>angusto</strong></span> <span class='ocrx_word' id='word_1_216' title='bbox 1454 3139 1565 3190; x_wconf 87' lang='lat' dir='ltr'><strong>mense</strong></span> <span class='ocrx_word' id='word_1_217' title='bbox 1594 3115 1677 3192; x_wconf 86' lang='lat' dir='ltr'><strong>idest</strong></span> 
     </span>
    </p>
   </div>
   <div class='ocr_carea' id='block_1_7' title="bbox 158 3232 1680 3820">
    <p class='ocr_par' dir='ltr' id='par_1_7' title="bbox 158 3232 1680 3820">
     <span class='ocr_line' id='line_1_21' title="bbox 257 3232 1679 3337; baseline 0.004 -30"><span class='ocrx_word' id='word_1_218' title='bbox 257 3233 405 3308; x_wconf 71' lang='lat' dir='ltr'><strong>bitieum</strong></span> <span class='ocrx_word' id='word_1_219' title='bbox 428 3232 553 3308; x_wconf 77' lang='lat' dir='ltr'><strong>modu</strong></span> <span class='ocrx_word' id='word_1_220' title='bbox 575 3233 692 3330; x_wconf 79' lang='lat' dir='ltr'><strong>viginti</strong></span> <span class='ocrx_word' id='word_1_221' title='bbox 715 3234 862 3332; x_wconf 87' lang='lat' dir='ltr'><strong>quinque</strong></span> <span class='ocrx_word' id='word_1_222' title='bbox 885 3243 919 3308; x_wconf 88' lang='lat' dir='ltr'><strong>et</strong></span> <span class='ocrx_word' id='word_1_223' title='bbox 939 3235 1073 3312; x_wconf 85' lang='lat' dir='ltr'><strong>mileum</strong></span> <span class='ocrx_word' id='word_1_224' title='bbox 1095 3234 1219 3309; x_wconf 83' lang='lat' dir='ltr'><strong>modies</strong></span> <span class='ocrx_word' id='word_1_225' title='bbox 1242 3237 1415 3312; x_wconf 87' lang='lat' dir='ltr'><strong>duodecim</strong></span> <span class='ocrx_word' id='word_1_226' title='bbox 1439 3247 1472 3314; x_wconf 88' lang='lat' dir='ltr'><strong>et</strong></span> <span class='ocrx_word' id='word_1_227' title='bbox 1488 3259 1679 3337; x_wconf 73' lang='lat' dir='ltr'><strong>germanum</strong></span> 
     </span>
     <span class='ocr_line' id='line_1_22' title="bbox 255 3356 1677 3464; baseline 0.004 -28"><span class='ocrx_word' id='word_1_228' title='bbox 255 3359 385 3436; x_wconf 86' lang='lat' dir='ltr'><strong>modios</strong></span> <span class='ocrx_word' id='word_1_229' title='bbox 406 3356 558 3432; x_wconf 73' lang='lat' dir='ltr'><strong>nndmim</strong></span> <span class='ocrx_word' id='word_1_230' title='bbox 581 3360 716 3461; x_wconf 82' lang='lat' dir='ltr'><strong>insimul</strong></span> <span class='ocrx_word' id='word_1_231' title='bbox 739 3362 863 3436; x_wconf 90' lang='lat' dir='ltr'><strong>bonum</strong></span> <span class='ocrx_word' id='word_1_232' title='bbox 887 3363 1011 3437; x_wconf 84' lang='lat' dir='ltr'><strong>siecum</strong></span> <span class='ocrx_word' id='word_1_233' title='bbox 1032 3373 1172 3439; x_wconf 79' lang='lat' dir='ltr'><strong>uncnnn</strong></span> <span class='ocrx_word' id='word_1_234' title='bbox 1195 3373 1341 3462; x_wconf 78' lang='lat' dir='ltr'><strong>puetrm</strong></span> <span class='ocrx_word' id='word_1_235' title='bbox 1364 3389 1467 3464; x_wconf 86' lang='lat' dir='ltr'><strong>usque</strong></span> <span class='ocrx_word' id='word_1_236' title='bbox 1489 3366 1577 3440; x_wconf 84' lang='lat' dir='ltr'><strong>intus</strong></span> <span class='ocrx_word' id='word_1_237' title='bbox 1606 3388 1677 3441; x_wconf 89' lang='lat' dir='ltr'><strong>me·</strong></span> 
     </span>
     <span class='ocr_line' id='line_1_23' title="bbox 158 3489 1678 3590; baseline 0.001 -28"><span class='ocrx_word' id='word_1_238' title='bbox 158 3527 162 3534; x_wconf 95' lang='lat'><em>·</em></span> <span class='ocrx_word' id='word_1_239' title='bbox 252 3495 386 3562; x_wconf 87' lang='lat' dir='ltr'><strong>morato</strong></span> <span class='ocrx_word' id='word_1_240' title='bbox 408 3495 521 3558; x_wconf 83' lang='lat' dir='ltr'><strong>sancto</strong></span> <span class='ocrx_word' id='word_1_241' title='bbox 544 3497 578 3558; x_wconf 91' lang='lat' dir='ltr'><strong>et</strong></span> <span class='ocrx_word' id='word_1_242' title='bbox 600 3489 780 3561; x_wconf 80' lang='lat' dir='ltr'><strong>venerabili</strong></span> <span class='ocrx_word' id='word_1_243' title='bbox 804 3499 913 3564; x_wconf 83' lang='lat' dir='ltr'><strong>vestro</strong></span> <span class='ocrx_word' id='word_1_244' title='bbox 935 3491 1135 3566; x_wconf 86' lang='lat' dir='ltr'><strong>monasterio</strong></span> <span class='ocrx_word' id='word_1_245' title='bbox 1158 3491 1259 3590; x_wconf 73' lang='lat' dir='ltr'><strong>gnatis</strong></span> <span class='ocrx_word' id='word_1_246' title='bbox 1281 3505 1503 3567; x_wconf 76' lang='lat' dir='ltr'><strong>mensuratum</strong></span> <span class='ocrx_word' id='word_1_247' title='bbox 1532 3503 1565 3564; x_wconf 89' lang='lat' dir='ltr'><strong>at</strong></span> <span class='ocrx_word' id='word_1_248' title='bbox 1598 3515 1678 3566; x_wconf 90' lang='lat' dir='ltr'><strong>mo-</strong></span> 
     </span>
     <span class='ocr_line' id='line_1_24' title="bbox 266 3612 1680 3717; baseline 0.006 -33"><span class='ocrx_word' id='word_1_249' title='bbox 266 3617 357 3694; x_wconf 84' lang='lat' dir='ltr'><strong>dium</strong></span> <span class='ocrx_word' id='word_1_250' title='bbox 382 3613 506 3688; x_wconf 86' lang='lat' dir='ltr'><strong>iustum</strong></span> <span class='ocrx_word' id='word_1_251' title='bbox 530 3612 571 3686; x_wconf 93' lang='lat' dir='ltr'><strong>de</strong></span> <span class='ocrx_word' id='word_1_252' title='bbox 596 3614 830 3694; x_wconf 88' lang='lat' dir='ltr'><strong>comedendum</strong></span> <span class='ocrx_word' id='word_1_253' title='bbox 853 3623 923 3692; x_wconf 92' lang='lat' dir='ltr'><strong>sine</strong></span> <span class='ocrx_word' id='word_1_254' title='bbox 946 3617 1036 3693; x_wconf 91' lang='lat' dir='ltr'><strong>omni</strong></span> <span class='ocrx_word' id='word_1_255' title='bbox 1053 3621 1279 3694; x_wconf 76' lang='lat' dir='ltr'><strong>amaricatione</strong></span> <span class='ocrx_word' id='word_1_256' title='bbox 1292 3646 1302 3690; x_wconf 78' lang='lat' dir='ltr'><strong>e</strong></span> <span class='ocrx_word' id='word_1_257' title='bbox 1315 3631 1349 3694; x_wconf 84' lang='lat' dir='ltr'><strong>st</strong></span> <span class='ocrx_word' id='word_1_258' title='bbox 1363 3623 1500 3717; x_wconf 79' lang='lat' dir='ltr'><strong>desuper</strong></span> <span class='ocrx_word' id='word_1_259' title='bbox 1522 3631 1680 3716; x_wconf 85' lang='lat' dir='ltr'><strong>qnantum</strong></span> 
     </span>
     <span class='ocr_line' id='line_1_25' title="bbox 253 3741 1677 3820; baseline 0.001 -6"><span class='ocrx_word' id='word_1_260' title='bbox 253 3742 372 3818; x_wconf 87' lang='lat' dir='ltr'><strong>binum</strong></span> <span class='ocrx_word' id='word_1_261' title='bbox 395 3741 516 3818; x_wconf 80' lang='lat' dir='ltr'><strong>ibidem</strong></span> <span class='ocrx_word' id='word_1_262' title='bbox 539 3744 630 3816; x_wconf 92' lang='lat' dir='ltr'><strong>omni</strong></span> <span class='ocrx_word' id='word_1_263' title='bbox 654 3765 759 3818; x_wconf 84' lang='lat' dir='ltr'><strong>ennae</strong></span> <span class='ocrx_word' id='word_1_264' title='bbox 784 3744 878 3818; x_wconf 85' lang='lat' dir='ltr'><strong>nobis</strong></span> <span class='ocrx_word' id='word_1_265' title='bbox 901 3744 1054 3819; x_wconf 90' lang='lat' dir='ltr'><strong>dominus</strong></span> <span class='ocrx_word' id='word_1_266' title='bbox 1079 3745 1159 3817; x_wconf 88' lang='lat' dir='ltr'><strong>deus</strong></span> <span class='ocrx_word' id='word_1_267' title='bbox 1173 3744 1297 3820; x_wconf 86' lang='lat' dir='ltr'><strong>dederis</strong></span> <span class='ocrx_word' id='word_1_268' title='bbox 1313 3751 1458 3816; x_wconf 88' lang='lat' dir='ltr'><strong>mustum</strong></span> <span class='ocrx_word' id='word_1_269' title='bbox 1473 3744 1630 3818; x_wconf 78' lang='lat' dir='ltr'><strong>mnndum</strong></span> <span class='ocrx_word' id='word_1_270' title='bbox 1644 3753 1677 3818; x_wconf 92' lang='lat' dir='ltr'><strong>et</strong></span> 
     </span>
    </p>
   </div>
   <div class='ocr_carea' id='block_1_8' title="bbox 249 3871 1677 5117">
    <p class='ocr_par' dir='ltr' id='par_1_8' title="bbox 249 3871 1677 5117">
     <span class='ocr_line' id='line_1_26' title="bbox 258 3871 1675 3968; baseline -0.002 -20"><span class='ocrx_word' id='word_1_271' title='bbox 258 3891 473 3968; x_wconf 78' lang='lat' dir='ltr'><strong>snecapannes</strong></span> <span class='ocrx_word' id='word_1_272' title='bbox 496 3881 576 3944; x_wconf 83' lang='lat' dir='ltr'><strong>tnnc</strong></span> <span class='ocrx_word' id='word_1_273' title='bbox 599 3871 783 3948; x_wconf 80' lang='lat' dir='ltr'><strong>dividamus</strong></span> <span class='ocrx_word' id='word_1_274' title='bbox 806 3873 880 3946; x_wconf 80' lang='lat' dir='ltr'><strong>sstos</strong></span> <span class='ocrx_word' id='word_1_275' title='bbox 904 3874 990 3946; x_wconf 85' lang='lat' dir='ltr'><strong>inter</strong></span> <span class='ocrx_word' id='word_1_276' title='bbox 1014 3873 1109 3946; x_wconf 90' lang='lat' dir='ltr'><strong>nobis</strong></span> <span class='ocrx_word' id='word_1_277' title='bbox 1131 3893 1190 3968; x_wconf 88' lang='lat' dir='ltr'><strong>per</strong></span> <span class='ocrx_word' id='word_1_278' title='bbox 1205 3875 1395 3946; x_wconf 74' lang='lat' dir='ltr'><strong>medietate:</strong></span> <span class='ocrx_word' id='word_1_279' title='bbox 1420 3895 1480 3944; x_wconf 81' lang='lat' dir='ltr'><strong>vos</strong></span> <span class='ocrx_word' id='word_1_280' title='bbox 1494 3882 1527 3942; x_wconf 88' lang='lat' dir='ltr'><strong>et</strong></span> <span class='ocrx_word' id='word_1_281' title='bbox 1540 3873 1675 3966; x_wconf 83' lang='lat' dir='ltr'><strong>posteris</strong></span> 
     </span>
     <span class='ocr_line' id='line_1_27' title="bbox 267 3997 1675 4074; baseline 0 -2"><span class='ocrx_word' id='word_1_282' title='bbox 267 3998 384 4074; x_wconf 84' lang='lat' dir='ltr'><strong>vestris</strong></span> <span class='ocrx_word' id='word_1_283' title='bbox 406 4009 439 4073; x_wconf 89' lang='lat' dir='ltr'><strong>et</strong></span> <span class='ocrx_word' id='word_1_284' title='bbox 462 4009 585 4072; x_wconf 79' lang='lat' dir='ltr'><strong>memte</strong></span> <span class='ocrx_word' id='word_1_285' title='bbox 609 3999 790 4074; x_wconf 85' lang='lat' dir='ltr'><strong>infirmario</strong></span> <span class='ocrx_word' id='word_1_286' title='bbox 813 3999 1008 4071; x_wconf 79' lang='lat' dir='ltr'><strong>medietater</strong></span> <span class='ocrx_word' id='word_1_287' title='bbox 1043 4009 1077 4068; x_wconf 85' lang='lat' dir='ltr'><strong>et</strong></span> <span class='ocrx_word' id='word_1_288' title='bbox 1109 4018 1170 4070; x_wconf 87' lang='lat' dir='ltr'><strong>nos</strong></span> <span class='ocrx_word' id='word_1_289' title='bbox 1192 4009 1224 4070; x_wconf 93' lang='lat' dir='ltr'><strong>et</strong></span> <span class='ocrx_word' id='word_1_290' title='bbox 1246 3998 1417 4071; x_wconf 84' lang='lat' dir='ltr'><strong>heredibus</strong></span> <span class='ocrx_word' id='word_1_291' title='bbox 1439 3997 1555 4069; x_wconf 89' lang='lat' dir='ltr'><strong>nostris</strong></span> <span class='ocrx_word' id='word_1_292' title='bbox 1578 3999 1675 4072; x_wconf 89' lang='lat' dir='ltr'><strong>simi-</strong></span> 
     </span>
     <span class='ocr_line' id='line_1_28' title="bbox 252 4122 1673 4220; baseline -0.003 -18"><span class='ocrx_word' id='word_1_293' title='bbox 252 4128 331 4202; x_wconf 89' lang='lat' dir='ltr'><strong>liter</strong></span> <span class='ocrx_word' id='word_1_294' title='bbox 363 4125 426 4198; x_wconf 86' lang='lat' dir='ltr'><strong>alia</strong></span> <span class='ocrx_word' id='word_1_295' title='bbox 456 4127 649 4200; x_wconf 86' lang='lat' dir='ltr'><strong>medietate:</strong></span> <span class='ocrx_word' id='word_1_296' title='bbox 684 4137 717 4200; x_wconf 87' lang='lat' dir='ltr'><strong>ct</strong></span> <span class='ocrx_word' id='word_1_297' title='bbox 748 4127 818 4220; x_wconf 89' lang='lat' dir='ltr'><strong>ipsa</strong></span> <span class='ocrx_word' id='word_1_298' title='bbox 848 4122 1019 4196; x_wconf 89' lang='lat' dir='ltr'><strong>medietate</strong></span> <span class='ocrx_word' id='word_1_299' title='bbox 1047 4133 1153 4194; x_wconf 76' lang='lat' dir='ltr'><strong>umba</strong></span> <span class='ocrx_word' id='word_1_300' title='bbox 1183 4123 1242 4218; x_wconf 84' lang='lat' dir='ltr'><strong>qui</strong></span> <span class='ocrx_word' id='word_1_301' title='bbox 1265 4145 1324 4196; x_wconf 83' lang='lat' dir='ltr'><strong>vos</strong></span> <span class='ocrx_word' id='word_1_302' title='bbox 1346 4133 1379 4194; x_wconf 86' lang='lat' dir='ltr'><strong>et</strong></span> <span class='ocrx_word' id='word_1_303' title='bbox 1400 4123 1536 4218; x_wconf 88' lang='lat' dir='ltr'><strong>posteris</strong></span> <span class='ocrx_word' id='word_1_304' title='bbox 1558 4125 1673 4198; x_wconf 87' lang='lat' dir='ltr'><strong>vestris</strong></span> 
     </span>
     <span class='ocr_line' id='line_1_29' title="bbox 258 4243 1676 4349; baseline -0.004 -21"><span class='ocrx_word' id='word_1_305' title='bbox 258 4252 378 4328; x_wconf 81' lang='lat' dir='ltr'><strong>exinde</strong></span> <span class='ocrx_word' id='word_1_306' title='bbox 400 4251 545 4349; x_wconf 74' lang='lat' dir='ltr'><strong>tetigeris</strong></span> <span class='ocrx_word' id='word_1_307' title='bbox 568 4273 627 4344; x_wconf 85' lang='lat' dir='ltr'><strong>nos</strong></span> <span class='ocrx_word' id='word_1_308' title='bbox 651 4259 685 4320; x_wconf 92' lang='lat' dir='ltr'><strong>et</strong></span> <span class='ocrx_word' id='word_1_309' title='bbox 707 4247 881 4322; x_wconf 87' lang='lat' dir='ltr'><strong>baredibus</strong></span> <span class='ocrx_word' id='word_1_310' title='bbox 903 4243 1023 4319; x_wconf 88' lang='lat' dir='ltr'><strong>nostris</strong></span> <span class='ocrx_word' id='word_1_311' title='bbox 1046 4245 1121 4318; x_wconf 86' lang='lat' dir='ltr'><strong>illut</strong></span> <span class='ocrx_word' id='word_1_312' title='bbox 1134 4267 1263 4320; x_wconf 86' lang='lat' dir='ltr'><strong>servare</strong></span> <span class='ocrx_word' id='word_1_313' title='bbox 1280 4245 1452 4320; x_wconf 85' lang='lat' dir='ltr'><strong>debeamus</strong></span> <span class='ocrx_word' id='word_1_314' title='bbox 1469 4246 1504 4318; x_wconf 92' lang='lat' dir='ltr'><strong>in</strong></span> <span class='ocrx_word' id='word_1_315' title='bbox 1527 4248 1676 4344; x_wconf 75' lang='lat' dir='ltr'><strong>urgensis</strong></span> 
     </span>
     <span class='ocr_line' id='line_1_30' title="bbox 253 4373 1675 4474; baseline -0.004 -16"><span class='ocrx_word' id='word_1_316' title='bbox 253 4381 375 4458; x_wconf 82' lang='lat' dir='ltr'><strong>nostris</strong></span> <span class='ocrx_word' id='word_1_317' title='bbox 410 4383 478 4458; x_wconf 89' lang='lat' dir='ltr'><strong>dies</strong></span> <span class='ocrx_word' id='word_1_318' title='bbox 512 4391 597 4454; x_wconf 87' lang='lat' dir='ltr'><strong>tres:</strong></span> <span class='ocrx_word' id='word_1_319' title='bbox 628 4389 662 4452; x_wconf 89' lang='lat' dir='ltr'><strong>et</strong></span> <span class='ocrx_word' id='word_1_320' title='bbox 692 4401 751 4474; x_wconf 83' lang='lat' dir='ltr'><strong>per</strong></span> <span class='ocrx_word' id='word_1_321' title='bbox 775 4373 955 4449; x_wconf 82' lang='lat' dir='ltr'><strong>vindemias</strong></span> <span class='ocrx_word' id='word_1_322' title='bbox 974 4373 1054 4448; x_wconf 89' lang='lat' dir='ltr'><strong>duas</strong></span> <span class='ocrx_word' id='word_1_323' title='bbox 1078 4397 1231 4472; x_wconf 87' lang='lat' dir='ltr'><strong>personas</strong></span> <span class='ocrx_word' id='word_1_324' title='bbox 1259 4387 1380 4448; x_wconf 86' lang='lat' dir='ltr'><strong>vestras</strong></span> <span class='ocrx_word' id='word_1_325' title='bbox 1403 4399 1478 4450; x_wconf 92' lang='lat' dir='ltr'><strong>eum</strong></span> <span class='ocrx_word' id='word_1_326' title='bbox 1517 4376 1675 4452; x_wconf 75' lang='lat' dir='ltr'><strong>oneum</strong></span> 
     </span>
     <span class='ocr_line' id='line_1_31' title="bbox 252 4483 1672 4605; baseline -0.008 -18"><span class='ocrx_word' id='word_1_327' title='bbox 252 4515 384 4587; x_wconf 85' lang='lat' dir='ltr'><strong>nutrire</strong></span> <span class='ocrx_word' id='word_1_328' title='bbox 409 4512 582 4584; x_wconf 87' lang='lat' dir='ltr'><strong>debeamus</strong></span> <span class='ocrx_word' id='word_1_329' title='bbox 605 4505 771 4605; x_wconf 62' lang='lat' dir='ltr'><strong>monsedo</strong></span> <span class='ocrx_word' id='word_1_330' title='bbox 795 4505 918 4580; x_wconf 88' lang='lat' dir='ltr'><strong>iustum</strong></span> <span class='ocrx_word' id='word_1_331' title='bbox 942 4483 1042 4580; x_wconf 78' lang='lat' dir='ltr'><strong>tueris</strong></span> <span class='ocrx_word' id='word_1_332' title='bbox 1066 4505 1143 4580; x_wconf 89' lang='lat' dir='ltr'><strong>dum</strong></span> <span class='ocrx_word' id='word_1_333' title='bbox 1168 4503 1204 4578; x_wconf 89' lang='lat' dir='ltr'><strong>in</strong></span> <span class='ocrx_word' id='word_1_334' title='bbox 1229 4525 1332 4580; x_wconf 90' lang='lat' dir='ltr'><strong>unum</strong></span> <span class='ocrx_word' id='word_1_335' title='bbox 1347 4483 1672 4586; x_wconf 81' lang='lat' dir='ltr'><strong>bindemiaberimusr</strong></span> 
     </span>
     <span class='ocr_line' id='line_1_32' title="bbox 251 4631 1677 4722; baseline -0.004 -10"><span class='ocrx_word' id='word_1_336' title='bbox 251 4647 290 4712; x_wconf 87' lang='lat' dir='ltr'><strong>et</strong></span> <span class='ocrx_word' id='word_1_337' title='bbox 312 4661 373 4722; x_wconf 78' lang='lat' dir='ltr'><strong>nos</strong></span> <span class='ocrx_word' id='word_1_338' title='bbox 395 4647 429 4712; x_wconf 85' lang='lat' dir='ltr'><strong>et</strong></span> <span class='ocrx_word' id='word_1_339' title='bbox 450 4637 624 4712; x_wconf 84' lang='lat' dir='ltr'><strong>heredibus</strong></span> <span class='ocrx_word' id='word_1_340' title='bbox 647 4637 765 4710; x_wconf 85' lang='lat' dir='ltr'><strong>nostris</strong></span> <span class='ocrx_word' id='word_1_341' title='bbox 788 4633 882 4711; x_wconf 91' lang='lat' dir='ltr'><strong>omni</strong></span> <span class='ocrx_word' id='word_1_342' title='bbox 906 4657 1012 4708; x_wconf 83' lang='lat' dir='ltr'><strong>annue</strong></span> <span class='ocrx_word' id='word_1_343' title='bbox 1035 4631 1111 4710; x_wconf 89' lang='lat' dir='ltr'><strong>illut</strong></span> <span class='ocrx_word' id='word_1_344' title='bbox 1133 4631 1333 4705; x_wconf 82' lang='lat' dir='ltr'><strong>vindemiare</strong></span> <span class='ocrx_word' id='word_1_345' title='bbox 1350 4633 1524 4706; x_wconf 86' lang='lat' dir='ltr'><strong>debeamus</strong></span> <span class='ocrx_word' id='word_1_346' title='bbox 1538 4641 1572 4702; x_wconf 88' lang='lat' dir='ltr'><strong>at</strong></span> <span class='ocrx_word' id='word_1_347' title='bbox 1586 4633 1677 4706; x_wconf 90' lang='lat' dir='ltr'><strong>omni</strong></span> 
     </span>
     <span class='ocr_line' id='line_1_33' title="bbox 249 4759 1676 4866; baseline -0.006 -25"><span class='ocrx_word' id='word_1_348' title='bbox 249 4777 366 4842; x_wconf 76' lang='lat' dir='ltr'><strong>nostru</strong></span> <span class='ocrx_word' id='word_1_349' title='bbox 398 4767 581 4866; x_wconf 74' lang='lat' dir='ltr'><strong>expendior</strong></span> <span class='ocrx_word' id='word_1_350' title='bbox 615 4768 659 4842; x_wconf 91' lang='lat' dir='ltr'><strong>ds</strong></span> <span class='ocrx_word' id='word_1_351' title='bbox 687 4766 802 4839; x_wconf 81' lang='lat' dir='ltr'><strong>vinnm</strong></span> <span class='ocrx_word' id='word_1_352' title='bbox 834 4773 868 4836; x_wconf 81' lang='lat' dir='ltr'><strong>at</strong></span> <span class='ocrx_word' id='word_1_353' title='bbox 899 4763 1077 4838; x_wconf 80' lang='lat' dir='ltr'><strong>vibendnm</strong></span> <span class='ocrx_word' id='word_1_354' title='bbox 1108 4773 1142 4836; x_wconf 86' lang='lat' dir='ltr'><strong>et</strong></span> <span class='ocrx_word' id='word_1_355' title='bbox 1163 4768 1281 4834; x_wconf 78' lang='lat' dir='ltr'><strong>unium</strong></span> <span class='ocrx_word' id='word_1_356' title='bbox 1304 4783 1367 4857; x_wconf 94' lang='lat' dir='ltr'><strong>pro</strong></span> <span class='ocrx_word' id='word_1_357' title='bbox 1390 4759 1591 4833; x_wconf 85' lang='lat' dir='ltr'><strong>condendum</strong></span> <span class='ocrx_word' id='word_1_358' title='bbox 1614 4782 1676 4856; x_wconf 87' lang='lat' dir='ltr'><strong>pro</strong></span> 
     </span>
     <span class='ocr_line' id='line_1_34' title="bbox 251 4887 1676 4992; baseline -0.006 -24"><span class='ocrx_word' id='word_1_359' title='bbox 251 4895 335 4988; x_wconf 88' lang='lat' dir='ltr'><strong>ipsis</strong></span> <span class='ocrx_word' id='word_1_360' title='bbox 357 4895 513 4990; x_wconf 82' lang='lat' dir='ltr'><strong>operariis</strong></span> <span class='ocrx_word' id='word_1_361' title='bbox 535 4893 595 4992; x_wconf 75' lang='lat' dir='ltr'><strong>qui</strong></span> <span class='ocrx_word' id='word_1_362' title='bbox 618 4892 739 4966; x_wconf 88' lang='lat' dir='ltr'><strong>ibidem</strong></span> <span class='ocrx_word' id='word_1_363' title='bbox 762 4887 1013 4964; x_wconf 81' lang='lat' dir='ltr'><strong>vindemiaberis</strong></span> <span class='ocrx_word' id='word_1_364' title='bbox 1035 4889 1085 4964; x_wconf 88' lang='lat' dir='ltr'><strong>sie</strong></span> <span class='ocrx_word' id='word_1_365' title='bbox 1109 4888 1186 4962; x_wconf 85' lang='lat' dir='ltr'><strong>inde</strong></span> <span class='ocrx_word' id='word_1_366' title='bbox 1213 4888 1366 4962; x_wconf 85' lang='lat' dir='ltr'><strong>iaciamus</strong></span> <span class='ocrx_word' id='word_1_367' title='bbox 1383 4887 1546 4984; x_wconf 87' lang='lat' dir='ltr'><strong>quomodo</strong></span> <span class='ocrx_word' id='word_1_368' title='bbox 1560 4887 1676 4960; x_wconf 82' lang='lat' dir='ltr'><strong>feceris</strong></span> 
     </span>
     <span class='ocr_line' id='line_1_35' title="bbox 249 5011 1673 5117; baseline -0.007 -25"><span class='ocrx_word' id='word_1_369' title='bbox 249 5025 344 5094; x_wconf 83' lang='lat' dir='ltr'><strong>tetus</strong></span> <span class='ocrx_word' id='word_1_370' title='bbox 365 5019 433 5117; x_wconf 89' lang='lat' dir='ltr'><strong>ipse</strong></span> <span class='ocrx_word' id='word_1_371' title='bbox 456 5019 547 5094; x_wconf 85' lang='lat' dir='ltr'><strong>iocus</strong></span> <span class='ocrx_word' id='word_1_372' title='bbox 569 5039 647 5094; x_wconf 90' lang='lat' dir='ltr'><strong>cum</strong></span> <span class='ocrx_word' id='word_1_373' title='bbox 669 5015 736 5092; x_wconf 87' lang='lat' dir='ltr'><strong>suis</strong></span> <span class='ocrx_word' id='word_1_374' title='bbox 758 5015 986 5115; x_wconf 84' lang='lat' dir='ltr'><strong>portionariis:</strong></span> <span class='ocrx_word' id='word_1_375' title='bbox 1023 5013 1148 5112; x_wconf 83' lang='lat' dir='ltr'><strong>etipsa</strong></span> <span class='ocrx_word' id='word_1_376' title='bbox 1171 5013 1342 5088; x_wconf 82' lang='lat' dir='ltr'><strong>medietate</strong></span> <span class='ocrx_word' id='word_1_377' title='bbox 1365 5021 1471 5090; x_wconf 71' lang='lat' dir='ltr'><strong>vesus</strong></span> <span class='ocrx_word' id='word_1_378' title='bbox 1499 5036 1542 5084; x_wconf 84' lang='lat' dir='ltr'><strong>cx</strong></span> <span class='ocrx_word' id='word_1_379' title='bbox 1565 5011 1673 5106; x_wconf 89' lang='lat' dir='ltr'><strong>ipsum</strong></span> 
     </span>
    </p>
   </div>
   <div class='ocr_carea' id='block_1_9' title="bbox 0 0 2450 6528">
    <p class='ocr_par' dir='ltr' id='par_1_9' title="bbox 0 0 2450 6528">
     <span class='ocr_line' id='line_1_36' title="bbox 0 0 2450 6528; baseline 0 0"><span class='ocrx_word' id='word_1_380' title='bbox 0 0 2450 6528; x_wconf 95' lang='lat' dir='ltr'><strong> </strong></span> 
     </span>
    </p>
   </div>
  </div>
 </body>
</html>
