4882 6534
1300 667 1308 688 ⁸
1418 679 1564 772 (Μ)

1394 965 1612 1042 otfflvtn.

645 1267 706 1334 An„
884 1245 915 1338 †
947 1243 986 1314 ln
1020 1236 1152 1312 mane
1185 1232 1312 1310 boin
1343 1228 1560 1308 nouodsc’mo
1591 1247 1680 1302 auno
1717 1231 1919 1326 principatus
1952 1234 2088 1309 domini·
2111 1243 2211 1314 uui

615 1398 722 1464 1037.
791 1371 972 1470 guaymni
996 1367 1086 1442 ilius
1103 1362 1227 1442 nuni
1246 1357 1430 1456 puaymuii
1452 1355 1587 1452 glor&
1611 1355 1769 1452 principis
1782 1383 1893 1434 nerse
1910 1359 2088 1438 iebruuis.
2103 1367 2216 1460 qum

792 1495 987 1572 indictione·
1017 1493 1090 1586 Ego
1114 1485 1255 1564 eustacio
1276 1481 1342 1558 filia
1365 1477 1500 1556 burri
1524 1477 1584 1574 qui
1606 1477 1727 1552 osius
1750 1491 1870 1575 capulo
1890 1483 1933 1557 de
1952 1483 2030 1560 loco
2043 1485 2214 1566 donieebs

795 1623 914 1700 tinibus
934 1617 1028 1694 lauri
1052 1620 1133 1692 dum
1149 1639 1169 1688 a
1183 1613 1315 1688 donnino
1331 1610 1424 1688 ussa
1439 1608 1743 1696 mannulos
1755 1625 1838 1686 aura.
1854 1612 2058 1704 comideepbi
2073 1637 2211 1719 W

797 1749 850 1824 dei
874 1741 1102 1839 omnipotentie
1118 1733 1339 1814 misericordia
1351 1741 1385 1806 et
1398 1755 1462 1826 pro
1475 1729 1658 1806 remedium
1673 1739 1706 1802 et
1721 1730 1901 1808 odbetioue
1913 1736 2022 1814 anim
2038 1761 2110 1818 η..
2125 1757 2157 1816 02
2171 1745 2211 1816 ιο

799 1875 985 1974 pusadbus
1006 1869 1089 1944 meis
1102 1866 1218 1940 offerui
1241 1863 1282 1938 de
1305 1861 1402 1934 rebus
1416 1859 1518 1934 micbi
1533 1859 1713 1958 pounsnta
1728 1859 1765 1932 in
1777 1864 1977 1940 nonesteio
1991 1875 2099 1944 mss
2115 1870 2216 1944 mis

798 2007 839 2080 de
854 2005 908 2076 iba
927 2000 1079 2096 spelunca
1094 1995 1153 2068 uli
1167 1991 1318 2066 donum
1334 1987 1509 2084 stephanus
1523 1985 1720 2063 onaculis
1736 1987 1835 2064 abbas
1848 2013 1976 2084 praem
1990 1992 2131 2068 sicem.
2145 1995 2217 2086 pri·

796 2155 851 2204 nra
873 2131 963 2228 pecie
986 2139 1021 2200 et
1042 2128 1110 2222 ipsa
1133 2129 1309 2216 mapale
1333 2115 2215 2216 queooartinetsborisrrtefirisqsisoopionlseo.s

799 2259 934 2334 meridie
957 2267 1015 2330 ert·
1029 2253 1101 2327 ΕΙ
1123 2252 1164 2325 ds
1187 2243 1870 2344 unumquemqueiuste·
1894 2247 2009 2320 mon
2030 2249 2219 2322 morli

801 2385 890 2482 quod
923 2393 955 2454 at
976 2380 1206 2476 pastenandum
1238 2379 1317 2470 ipsis
1348 2374 1509 2448 obtinent.
1540 2372 1583 2448 ab
1614 2372 1781 2448 occidente
1807 2373 1927 2446 ius-
1948 2373 2025 2446 lin'rt
2043 2376 2219 2468 superdicti

801 2511 971 2606 episcopii.
1002 2534 1021 2578 a
1044 2505 1259 2598 septentrione
1282 2523 1365 2574 vero
1388 2499 1462 2576 brit
1484 2501 1527 2578 de
1549 2500 1621 2576 eliis
1653 2501 1855 2574 monebu
1879 2500 2015 2574 mis.
2046 2501 2108 2574 ria
2130 2501 2217 2596 pecie

801 2633 913 2728 ibique
936 2649 1054 2721 prope.
1085 2621 1157 2696 abet
1181 2621 1224 2699 ab
1244 2621 1372 2700 oriente
1395 2632 1430 2700 et
1453 2622 1592 2698 naida
1613 2619 1710 2698 rahe
1733 2623 1825 2719 quud
1846 2625 1917 2720 'psa
1930 2623 2066 2702 heredes
2085 2623 2217 2718 iaqsrinti

801 2755 971 2854 presbiteri
986 2775 1064 2830 cuns
1078 2751 1282 2828 consortibus
1297 2752 1368 2828 ιώ
1378 2751 1502 2828 donas
1516 2752 1560 2826 ab
1573 2753 1690 2828 wdem
1708 2751 1903 2824 muratorio
1916 2751 1959 2823 ab
1975 2749 2113 2826 ooeiduo
2125 2753 2221 2820 nana·

803 2908 869 2982 que
892 2895 925 2957 et
947 2882 1164 2978 septentrione
1187 2887 1236 2950 cst
1258 2878 1331 2950 finis
1354 2878 1533 2974 supradicti
1557 2880 1731 2975 episcopii.
1761 2875 1869 2952 Tertia
1889 2901 1967 2953 sero
1981 2879 2073 2974 pecie

670 2993 689 3054 ⁸·
975 3018 1008 3082 et
1030 3009 1100 3104 ipsa
1114 3007 1258 3080 continet
1271 3030 1290 3074 a
1304 3005 1522 3100 septentrione
1537 3005 1610 3079 bnis
1625 3009 1799 3104 supradicti
1813 3007 1981 3102 episcopii.
2002 3008 2044 3078 ab
2058 3007 2225 3079 occidente

760 3156 764 3164 ·
806 3136 878 3208 finis
894 3135 934 3208 de
957 3133 1027 3206 eliis
1050 3133 1254 3206 consortibus
1276 3133 1394 3204 nosen
1416 3133 1508 3230 qnod
1531 3143 1564 3204 et
1586 3158 1759 3208 commune
1781 3136 1924 3210 detinent
1937 3159 2015 3210 cum
2027 3135 2123 3208 rebus
2137 3135 2226 3208 eius·

805 3261 880 3333 dem
894 3260 1097 3334 monasterii.
1127 3257 1297 3332 ameridie
1312 3267 1362 3330 est
1380 3258 1453 3330 linis
1470 3257 1510 3330 de
1534 3261 1667 3336 heredes
1681 3261 1831 3336 iohannis
1850 3263 1910 3336 filii
1926 3263 1996 3338 ursi
2009 3259 2162 3358 speltuni.
2185 3261 2227 3330 ab

806 3386 929 3459 oriente
951 3383 1100 3458 similiter
1115 3382 1187 3456 linis
1211 3381 1252 3455 de
1266 3380 1472 3456 consortibus
1488 3384 1624 3456 nostris.
1648 3387 1738 3480 quod
1753 3397 1787 3458 at
1803 3407 1977 3462 commune
1994 3385 2133 3458 detinent
2148 3405 2226 3456 cuna

805 3513 902 3589 rebus
925 3513 1066 3586 iamdicti
1090 3512 1277 3584 monosterii
1300 3513 1385 3584 sicut
1408 3517 1579 3608 retorquet
1601 3527 1634 3586 et
1657 3517 1786 3588 scendet
1802 3529 1834 3590 et
1849 3515 1993 3590 rorolbet
2010 3523 2042 3585 et
2056 3513 2230 3607 coniungit

812 3643 846 3711 in
869 3639 1020 3734 predictis
1051 3639 1168 3710 linibus
1200 3639 1355 3733 episcopii
1389 3640 1515 3734 priores
1539 3641 1632 3712 lines.
1664 3643 1733 3710 Hoc
1765 3661 1843 3712 vero
1875 3637 1973 3708 rebus
2001 3636 2143 3730 qualiter
2166 3659 2228 3731 per

808 3765 881 3838 tinia
904 3765 1081 3838 iudicatum
1104 3774 1153 3838 est
1178 3773 1281 3840 toturn
1296 3774 1330 3838 et
1346 3767 1510 3864 integrum
1526 3769 1560 3838 in
1574 3767 1717 3862 predicto
1732 3766 1928 3838 monasterio
1944 3773 2054 3836 sancte
2067 3767 2168 3836 merie
2189 3773 2227 3836 ut

808 3914 905 3988 supra
928 3893 996 3965 dixi
1020 3892 1152 3966 ollerui.
1175 3895 1266 3967 Unde
1290 3894 1390 3967 nichil
1405 3895 1506 3968 michi
1523 3919 1583 3968 nec
1597 3895 1791 3990 cuicumque
1807 3894 1900 3966 alteri
1916 3893 2049 3988 aliquod
2064 3891 2227 3964 reserbabi

807 4019 989 4092 babendum
1012 4029 1166 4116 potestate
1190 4023 1309 4095 necin
1333 4023 1448 4118 qnabis
1471 4023 1617 4118 partibus
1640 4023 1780 4096 dicimus
1803 4022 1918 4094 exinde
1951 4040 2121 4092 remanere
2146 4041 2230 4115 qua-

807 4142 887 4216 libet
909 4141 1061 4215 sortione.
1085 4153 1134 4215 set
1157 4167 1222 4218 una
1245 4168 1321 4216 cum
1345 4145 1481 4217 interius
1505 4156 1538 4215 et
1561 4145 1711 4239 superius
1734 4155 1766 4216 et
1779 4167 1856 4216 cnm
1872 4143 1945 4215 vice
1961 4143 2003 4216 da
2025 4142 2088 4216 uiis
2111 4149 2143 4214 et
2165 4165 2231 4212 an-

809 4266 882 4338 ditis
912 4265 978 4336 suis
1008 4273 1039 4335 et
1069 4289 1145 4338 cum
1176 4267 1286 4338 omnia
1318 4267 1404 4336 intro
1434 4267 1469 4336 se'
1493 4265 1685 4340 habentibus
1708 4287 1784 4338 cum
1807 4265 2025 4360 omnibusque
2054 4264 2118 4336 suis
2146 4284 2230 4356 per-

810 4383 951 4455 tinentiis
973 4383 1044 4456 illut
1067 4383 1188 4458 ibidem
1212 4387 1328 4459 offerui
1352 4387 1387 4458 in
1409 4408 1450 4458 co
1474 4385 1590 4458 ordine
1615 4399 1651 4460 ut
1676 4388 1716 4459 ab
1739 4386 1933 4458 hodiernum
1956 4387 2008 4458 die
2032 4394 2062 4456 et
2078 4383 2231 4478 deinceps

809 4509 958 4604 predictis
980 4509 1076 4586 rebus
1098 4513 1134 4584 in
1157 4519 1311 4606 potestate
1346 4511 1490 4586 iamdicti
1522 4515 1708 4586 monasterii
1731 4515 1774 4614 sit
1798 4513 1981 4586 laciendum
2011 4509 2131 4584 exinde
2156 4533 2231 4606 pars

808 4634 950 4708 iamdicti
972 4637 1159 4709 monasterii
1182 4635 1270 4734 quod
1294 4637 1341 4710 eis
1365 4637 1524 4734 placuerit
1548 4637 1670 4733 absque
1694 4639 1786 4710 omni
1807 4639 2032 4711 contrarietate
2049 4636 2104 4711 vel
2118 4659 2236 4732 reqne-

809 4761 923 4835 sitione
947 4785 1020 4835 mea
1043 4773 1076 4835 et
1100 4763 1140 4834 de
1166 4765 1246 4835 meis
1268 4763 1441 4838 heredibus
1457 4773 1490 4836 ot
1507 4761 1576 4834 sine
1589 4761 1824 4858 cuisncumqne
1839 4761 2104 4839 contradictione
2120 4770 2152 4832 et
2167 4783 2234 4832 an-

808 4886 923 4956 tistabo
948 4899 981 4959 et
1003 4888 1172 4960 defensabo
1195 4889 1268 4962 illut
1291 4915 1353 4984 ego
1377 4901 1409 4962 et
1432 4912 1522 4964 meos
1544 4887 1693 4962 heredes.
1711 4901 1743 4961 et
1768 4892 1952 4984 supradicto
1976 4888 2171 4962 monaterio
2189 4887 2231 4958 ab
