4888 6528
898 669 1042 768 (arr)

220 836 332 931 'quia
355 831 537 904 nullatenus
570 829 820 926 premmmimns
850 851 910 902 nos
942 828 1007 903 aud
1039 833 1157 904 nostris
1191 829 1367 904 heredibus
1402 854 1463 904 nec
1496 829 1676 904 habeamus

260 961 420 1034 mennam
443 959 638 1057 heliquando
664 967 809 1052 tempore
828 967 857 1028 te
873 957 959 1030 haud
981 958 1048 1030 tuis
1070 959 1246 1031 heredibus
1269 982 1408 1054 querere
1425 959 1466 1030 de
1481 969 1675 1032 memoratas

264 1107 354 1157 casas
375 1081 545 1156 memorati
568 1081 701 1154 mauraldi
723 1078 900 1176 presbyteri
927 1077 968 1150 de
983 1081 1156 1152 memorati
1172 1079 1271 1176 gictii.
1287 1103 1345 1152 seu
1363 1082 1538 1152 memorati
1556 1081 1680 1154 iohan-

266 1211 317 1284 nis
339 1211 624 1302 thiosetnepote
649 1227 812 1278 unacum
838 1203 910 1276 tiliis
933 1203 1060 1276 filiabus
1082 1205 1198 1278 nuruis
1221 1205 1326 1298 adque
1343 1205 1514 1300 nepotibus
1530 1206 1675 1279 illorum.
1761 1261 1771 1276 .

263 1351 297 1414 ct
319 1359 395 1412 cum
418 1339 565 1432 ipsorum
588 1337 744 1408 fundoras
775 1344 807 1404 et
843 1354 919 1406 cum
951 1333 1046 1406 terris
1075 1335 1223 1410 fundatas
1256 1344 1289 1404 et
1323 1335 1512 1408 eniundatos
1542 1345 1574 1408 et
1605 1357 1680 1407 cum

256 1468 428 1564 cespitibus
450 1475 483 1540 et
506 1461 792 1538 consuetudinibus
813 1483 937 1534 eorum.
963 1471 999 1532 et
1027 1485 1103 1536 cum
1126 1443 1239 1535 omnes
1274 1463 1446 1554 hengaries
1480 1473 1512 1534 et
1535 1464 1680 1538 dationes

263 1597 394 1670 illorum
416 1593 577 1689 simulque
600 1603 633 1664 et
657 1590 808 1662 omnibus
832 1588 1047 1661 adiacentibus
1074 1597 1107 1658 ct
1130 1587 1365 1680 pertinentibus
1389 1589 1448 1662 eis.
1478 1592 1541 1692 hoc
1555 1598 1603 1662 est
1618 1591 1676 1662 iu.

259 1725 357 1801 simul
379 1725 420 1799 de
443 1724 529 1796 intus
553 1699 596 1792 et'
610 1721 689 1794 ioris
713 1743 771 1814 per
787 1716 914 1793 nullum
930 1717 1065 1790 modum
1084 1715 1271 1814 nullamque
1291 1714 1506 1788 udimbentem
1520 1719 1681 1790 rationem

255 1873 314 1922 nce
337 1872 396 1942 per
418 1847 602 1920 summissas
626 1865 779 1940 personas
803 1845 845 1916 ha
869 1865 956 1934 nunc
981 1847 1013 1910 et
1037 1841 1247 1934 imperpetuis
1263 1839 1465 1932 temporibus
1489 1837 1622 1932 insuper
1646 1849 1678 1914 et

260 1977 289 2046 si
311 1972 426 2068 quabis
444 1994 602 2069 personas
625 1979 657 2044 te
672 1973 759 2044 haud
775 1965 839 2042 tuis
855 1968 1027 2050 heredibus
1042 1966 1160 2038 exinde
1176 1966 1242 2038 had
1258 1967 1461 2060 querendum
1477 1965 1604 2040 veneris
1618 1989 1677 2059 per

255 2121 317 2170 nos
331 2097 396 2172 aud
410 2119 474 2192 per
484 2093 671 2168 memoratis
686 2093 849 2188 iugalibus
874 2091 1077 2188 genitoribus
1091 2088 1210 2162 nostris
1226 2093 1277 2164 vel
1293 2115 1352 2186 per
1368 2092 1533 2165 nostriset
1549 2092 1681 2162 illorum

257 2230 428 2304 heredibus
451 2238 529 2300 tunc
544 2227 653 2298 stetim
668 2225 759 2298 omni
778 2231 922 2318 tempore
939 2247 998 2295 nos
1018 2221 1051 2294 et
1065 2221 1182 2296 nostris
1199 2220 1372 2292 heredibus
1393 2203 1451 2290 tibi
1469 2219 1599 2315 tuisque
1617 2221 1681 2292 he·

256 2353 387 2428 redibur
410 2369 547 2444 persona
570 2349 627 2418 ilia
650 2347 769 2418 exinde
794 2349 931 2438 desuper
946 2345 1104 2437 altercat
1119 2345 1235 2417 taeitos
1249 2347 1355 2416 tacere
1371 2343 1544 2416 debeamus
1560 2342 1680 2436 absque

261 2475 352 2546 omni
375 2481 479 2544 vestra
505 2469 730 2538 damnietatem
756 2465 878 2538 nullam
902 2465 1019 2536 exinde
1043 2468 1153 2534 dantes
1176 2467 1430 2538 hoccansioncm
1454 2453 1532 2560 quia
1556 2467 1602 2537 ita
1628 2467 1681 2536 in·

261 2611 311 2672 ter
333 2596 427 2672 nobis
450 2595 629 2668 combenit:
668 2595 703 2666 Si
726 2592 834 2666 autem
858 2615 917 2664 nos
939 2595 1002 2666 aud
1029 2593 1146 2664 nostris
1169 2594 1342 2666 heredibus
1383 2594 1500 2687 quobis
1536 2605 1681 2685 tempore

260 2735 372 2796 contra
394 2725 477 2794 hanc
500 2719 682 2794 chartulam
704 2721 749 2792 ud
773 2741 871 2814 snper
893 2715 1013 2813 legitur
1036 2719 1147 2790 venire
1164 2717 1433 2810 presumserimus
1458 2725 1491 2785 et
1505 2716 1542 2785 in
1557 2714 1680 2810 aliquid

259 2851 414 2924 bobiensis
437 2849 595 2920 fuerimus
621 2871 679 2943 per
702 2846 818 2944 quobis
843 2848 976 2920 modum
1001 2848 1064 2918 aud
1086 2847 1288 2920 summissam
1314 2863 1465 2942 personas
1494 2857 1569 2918 tunc
1584 2867 1682 2918 com-

183 3045 187 3053 ,
262 2975 414 3070 ponimus
436 2993 500 3044 nos
523 2981 556 3042 et
577 2971 696 3041 nostris
720 2967 894 3044 heredibus
917 2970 977 3040 tibi
1003 2969 1130 3064 tuisque
1154 2968 1328 3042 heredibus
1361 2971 1433 3042 auri
1467 2969 1585 3042 solidos
1622 2971 1679 3040 vi-

262 3101 345 3196 ginti
367 3099 531 3196 quadtuor
555 3097 762 3192 upthianteos
785 3108 818 3170 et
850 3123 887 3168 ec
915 3097 1094 3171 chartulam
1119 3098 1356 3172 combanientie
1386 3099 1607 3193 promissionis
1632 3097 1675 3169 ud

257 3221 495 3326 supertegitur
530 3221 571 3290 sit
593 3219 688 3291 firma
710 3197 828 3316 scripta
851 3243 910 3316 per
933 3245 1046 3296 manus
1075 3220 1222 3294 iohannis
1246 3223 1375 3296 enims
1412 3245 1472 3318 per
1499 3231 1679 3294 memorata

258 3348 433 3432 indictione
454 3345 486 3439 †
502 3337 564 3416 ho'c
588 3345 716 3438 signam
732 3343 763 3441 †
779 3356 893 3418 manus
918 3348 1104 3418 memoratis
1128 3348 1289 3444 germanis
1317 3350 1405 3444 quod
1427 3371 1488 3444 ego
1507 3323 1683 3449 qui-supra

266 3478 420 3550 iohannes
444 3475 572 3548 curiatis
601 3475 643 3544 ab
667 3477 712 3548 eis
735 3483 868 3568 rogatus
891 3497 952 3568 pro
976 3475 1023 3547 eis
1049 3475 1274 3572 subscripsi·†

340 3596 383 3694 .†
409 3621 471 3694 ego
502 3608 613 3691 petrus
637 3597 723 3668 filius
751 3597 875 3668 domini
898 3599 1024 3669 mastali
1056 3601 1190 3694 rogatus
1221 3626 1240 3668 a
1273 3602 1498 3698 suprascriptis
1531 3606 1683 3676 iermanis

259 3730 333 3802 testi
357 3723 577 3822 subscripsi†
1292 3799 1294 3803 ,
1640 3729 1653 3802 '.

360 3855 393 3952 †
417 3854 488 3946 ligo
510 3850 635 3946 sergius
659 3849 845 3922 scriniarius
870 3859 1002 3950 rogatus
1024 3875 1044 3920 ,a
1067 3853 1252 3926 memoratis
1285 3855 1449 3948 germanis
1473 3857 1563 3928 testis
1594 3859 1679 3928 sub-

259 3975 417 4072 scripsi†
1183 3959 1206 3991 “
1297 4004 1301 4012 ·

358 4105 474 4200 †ego
497 4101 650 4174 iohannes
686 4102 772 4174 tilius
804 4101 928 4174 domini
950 4101 1050 4194 sergii
1075 4109 1205 4196 rogabas
1228 4126 1247 4172 a
1270 4102 1496 4198 suprascriptis
1519 4109 1683 4198 germanis

262 4235 335 4310 testi
358 4230 531 4326 subscripsi
553 4229 584 4326 †

357 4362 388 4458 †
412 4364 484 4458 Ego
507 4359 662 4434 iohannes
676 4353 815 4429 Curiatio
829 4355 997 4452 Complcri
1021 4366 1055 4428 et
1078 4356 1207 4434 absolsi
1228 4381 1287 4456 per
1309 4366 1486 4432 memorata
1510 4361 1679 4436 undecima

261 4484 481 4582 indictione†
582 4545 586 4552 .
