4940 6518
1411 520 1530 620 ιι)

759 679 869 754 orer:
900 681 986 754 etde
1017 681 1081 754 alio
1099 679 1203 774 capito
1218 682 1355 756 fundum
1384 679 1554 754 memorati
1570 674 1714 773 gregorii
1739 677 1888 769 germani
1911 680 1961 752 tui
1982 701 2048 776 que
2071 705 2135 780 ego
2149 685 2188 759 da

753 831 831 884 eum
853 818 962 882 tenere
988 809 1122 892 bideor:
1138 821 1170 883 et
1192 817 1226 878 at
1238 810 1308 904 ipsa
1322 807 1407 904 petia
1421 805 1478 902 qui
1495 805 1613 878 dicitur
1636 814 1669 876 at
1687 827 1760 876 ossa
1778 819 1812 874 et
1835 804 1905 899 ipss
1929 817 2039 880 soeret
2062 809 2125 882 sibi
2149 813 2190 885 ad

756 937 851 1009 ambe
867 939 1014 1030 partibus
1030 948 1115 1008 serra
1133 933 1334 1006 ιιιιοιιιιίιιί
1351 934 1392 1004 de
1406 939 1585 1002 memorato
1598 930 1872 1004 looomuniaoum
1888 945 1921 1004 et
1937 935 1978 1007 de
1990 937 2084 1008 ιιιιίι
2100 947 2190 1032 purte

757 1071 842 1134 [erra
855 1063 1000 1156 gregorii
1024 1059 1191 1156 presbiteri
1204 1059 1245 1129 de
1256 1057 1327 1150 ipso
1340 1057 1434 1128 loeo:
1452 1069 1487 1129 et
1501 1055 1541 1128 da
1552 1065 1668 1153 quarta
1684 1065 1866 1150 pertesum
1888 1059 2030 1154 oorrigie
2046 1063 2087 1136 de
2102 1071 2189 1136 [erra

754 1189 889 1262 ecclesie
911 1187 1011 1258 sarred
1025 1186 1108 1279 petri
1123 1195 1156 1254 at
1177 1181 1359 1254 heredum:
1374 1191 1408 1254 et
1423 1193 1456 1255 at
1469 1193 1646 1257 memorato
1660 1185 1748 1277 peda
1761 1205 1827 1278 que
1842 1189 1976 1282 positor
1992 1199 2025 1261 ιι
2035 1189 2089 1264 ille
2104 1191 2187 1268 silba

754 1325 787 1384 et
802 1315 870 1404 ipsa
885 1316 993 1380 coemi
1008 1308 1070 1378 sibi
1087 1306 1129 1378 ab
1142 1328 1210 1380 uno
1225 1307 1326 1382 latere
1342 1317 1429 1380 terra
1440 1309 1511 1404 jam
1525 1309 1605 1382 dieti
1618 1309 1845 1382 bmueatoriii:
1854 1313 1936 1384 etde
1950 1313 2013 1384 aba
2026 1325 2118 1408 parte
2131 1317 2188 1388 sia

753 1432 880 1528 publiea
895 1441 949 1504 :et
972 1433 1014 1508 da
1036 1432 1132 1506 tertia
1148 1433 1241 1527 parte
1255 1442 1305 1505 est
1319 1445 1407 1506 terro
1423 1443 1479 1508 tua
1494 1459 1561 1531 que
1576 1435 1612 1506 iu
1626 1444 1682 1506 tua
1695 1434 1866 1507 reserbusti
1879 1442 2071 1530 potestatem
2094 1460 2188 1512 seum

692 1655 694 1662 Α
754 1568 788 1630 et
809 1559 850 1630 de
869 1565 1052 1629 memorato
1074 1577 1231 1651 germem
1255 1565 1315 1629 tuo
1330 1583 1339 1628 ι
1357 1581 1439 1656 quos
1465 1583 1547 1634 vero
1559 1567 1736 1632 memorato
1752 1559 1917 1632 nominate
1932 1569 2019 1633 berre
2034 1573 2072 1634 ιιι
2087 1583 2185 1658 super

754 1686 875 1780 legitur
891 1683 973 1757 mihi
989 1685 1135 1783 meisque
1156 1685 1330 1760 heredibus
1341 1687 1415 1759 iilos
1432 1687 1564 1761 dedistis
1572 1697 1613 1758 ιι
1625 1687 1838 1762 laboraudmh
1854 1710 1913 1762 seu
1927 1689 2138 1766 detinendum
2147 1693 2186 1768 io

757 1839 798 1889 eo
817 1837 896 1888 vero
919 1814 1025 1889 tinore
1039 1825 1077 1886 ιιι
1090 1815 1125 1886 io
1143 1837 1216 1888 mea
1230 1816 1375 1911 meisque
1389 1817 1564 1890 heredibus
1583 1817 1649 1890 siut
1662 1827 1854 1913 potestatem
1868 1843 1908 1891 eo
1923 1791 2052 1892 terrendi
2068 1823 2185 1895 et'do-

759 1946 904 2020 minandi
916 1967 975 2018 seo
989 1943 1157 2020 laborandi
1171 1955 1205 2020 et
1217 1945 1403 2018 arbustaodi
1418 1970 1584 2044 quemque
1598 1949 1776 2020 seminandi
1798 1949 2038 2020 causumminss
2053 1956 2087 2022 ιι
2103 1951 2190 2023 vites

758 2072 881 2146 ibidem
895 2071 1035 2166 ponendi
1049 2079 1083 2143 et
1097 2071 1260 2166 plantandi
1273 2071 1509 2146 ubiueoessum
1521 2074 1621 2146 doerit
1634 2082 1666 2146 et
1679 2061 1763 2146 siout
1777 2073 1899 2146 iustum
1913 2075 2023 2146 fuerit:
2043 2085 2076 2148 et
2090 2099 2187 2172 super

761 2224 821 2273 nos
834 2225 893 2296 per
907 2202 997 2274 omni
1014 2222 1122 2273 annuo
1137 2200 1272 2273 iuferius
1287 2202 1495 2296 recolligendi
1510 2201 1638 2275 fruendi
1652 2209 1685 2274 et
1703 2202 1929 2274 oommedeudi
1954 2210 1988 2274 ιι
2002 2203 2043 2274 de
2061 2203 2129 2298 ipse
2151 2229 2188 2277 re

760 2326 867 2420 fugias
890 2327 1027 2400 faciendi
1051 2324 1158 2397 omnia
1182 2349 1248 2420 que
1273 2326 1489 2400 voluerimus:
1512 2329 1597 2400 unde
1621 2327 1743 2399 nullam
1766 2335 1886 2398 sortem
1909 2335 2092 2422 adsparso
2106 2327 2188 2403 mihi

761 2455 907 2547 meisque
930 2453 1103 2526 heredibus
1119 2453 1245 2524 'exinde
1268 2455 1413 2548 queratis
1433 2463 1496 2526 ιιιι.
1504 2454 1623 2527 tollatis
1637 2478 1696 2550 per
1718 2455 1844 2527 nulium
1859 2456 2016 2528 modum:
2040 2465 2187 2532 huium-

746 2623 748 2629 -
761 2579 860 2648 modo
875 2599 938 2670 ego
955 2586 989 2648 et
1002 2574 1176 2648 heredibus
1189 2577 1270 2647 meis
1286 2577 1346 2647 tibi
1361 2577 1492 2674 tuisque
1506 2574 1679 2653 heredibus
1693 2578 1811 2653 exinde
1825 2603 1884 2673 per
1897 2547 2114 2656 omniauuuo
2127 2603 2185 2678 per

762 2701 967 2774 fermitatem
994 2711 1102 2777 onos
1130 2693 1244 2773 rr'rarie¹
1258 2702 1299 2774 de
1323 2711 1439 2796 agusto
1462 2725 1572 2775 meuse
1594 2703 1784 2791 terraticum
1806 2705 1941 2778 dorset
1970 2714 2099 2780 amoere
2122 2707 2186 2780 de-

763 2828 896 2902 beamus
919 2827 960 2900 do
983 2849 1049 2924 que
1080 2825 1201 2900 ibidem
1232 2827 1498 2901 sem'maberimus
1525 2827 1560 2898 iu
1584 2819 1729 2922 simpliee
1751 2828 1875 2899 bouum
1899 2828 2020 2902 siecum
2043 2839 2184 2901 tractum

762 2963 915 3049 peradum
936 2977 1041 3050 usque
1065 2962 1137 3033 abbe
1166 2956 1271 3051 regias
1304 2955 1418 3028 domui
1449 2964 1506 3028 tue
1535 2965 1756 3028 mensuratum
1780 2963 1812 3026 ιι
1836 2953 1981 3028 modium
2004 2955 2099 3051 quale
2122 2956 2183 3028 obi

764 3085 842 3156 dant
865 3084 943 3156 aliie
957 3083 1166 3180 portionariis
1191 3059 1260 3179 qui
1273 3092 1361 3156 terra
1385 3085 1425 3156 da
1448 3091 1482 3154 te
1505 3083 1540 3155 io
1564 3093 1744 3157 memorato
1758 3083 1877 3178 placito
1892 3084 2053 3156 terruerit:
2079 3092 2112 3156 ιι
2126 3105 2186 3180 per

766 3211 855 3284 omni
886 3233 996 3308 annuo
1025 3211 1085 3286 tibi
1113 3213 1243 3308 tuisque
1276 3211 1451 3284 heredibus
1481 3219 1610 3286 aiueere
1634 3211 1807 3284 debeamus
1828 3212 1910 3306 pulli
1932 3211 2062 3305 parium
2086 3233 2188 3283 unum

657 3415 662 3428 ,
765 3340 833 3412 sine
856 3343 947 3413 omui
972 3341 1260 3414 amaricationem:
1288 3343 1443 3416 etiam'et
1465 3364 1524 3434 per
1548 3341 1638 3415 omni
1662 3363 1772 3412 annuo
1791 3347 1951 3434 quantum
1965 3339 2080 3410 binum
2095 3337 2188 3410 uobis
2229 3417 2230 3422 ,

766 3463 949 3556 nostrisque
972 3463 1145 3536 heredibus
1168 3463 1246 3536 deus
1271 3465 1397 3538 dederit
1418 3464 1454 3534 iu
1477 3463 1546 3557 ipse
1569 3473 1656 3558 terre
1679 3465 1842 3538 mundum
1864 3474 1898 3534 et
1920 3483 2117 3558 sarcapaom
2131 3473 2187 3536 tuo

769 3589 951 3662 dibidemus
973 3589 1047 3662 illos
1071 3599 1104 3664 ιι
1125 3591 1324 3688 pulmentum
1347 3599 1496 3664 nostrum
1519 3613 1578 3684 per
1601 3591 1805 3666 medietatem
1825 3597 1861 3664 ιι
1877 3586 1910 3664 e't
1924 3589 2111 3664 heredibus
2124 3590 2188 3664 tuis

770 3713 1030 3789 medietatemet
1053 3737 1115 3810 mo
1138 3725 1171 3794 ed
1193 3715 1368 3792 heredibus
1391 3697 1473 3788 meis
1497 3713 1645 3788 similiter
1672 3715 1735 3786 alia
1758 3715 1964 3790 medietatem
1987 3726 2020 3788 ιι
2041 3715 2130 3810 bego
2152 3725 2186 3790 ιι

770 3837 942 3918 heresibus
964 3840 1045 3910 meis
1067 3840 1140 3912 illos
1164 3843 1369 3916 vendemiare
1393 3840 1567 3914 debeamus
1585 3847 1617 3910 ιι
1631 3840 1721 3911 omni
1734 3849 1845 3912 nostro
1864 3841 2044 3936 expendis:
2071 3850 2104 3912 et
2121 3841 2189 3935 ipso

770 3969 855 4038 sorte
868 3975 973 4036 restra
986 3966 1044 4060 qui
1059 3989 1118 4038 vos
1133 3967 1251 4038 exinde
1266 3964 1409 4057 tetigerit
1426 3983 1484 4034 ros
1496 3960 1589 4034 vobis
1601 3962 1674 4034 illos
1684 3962 1801 4034 exinde
1812 3975 1941 4038 atuoere
1952 3963 2094 4038 debeatis
2107 3987 2190 4059 quo·

770 4095 869 4167 modo
892 4095 1062 4189 potueritis
1084 4105 1193 4189 preter
1216 4111 1287 4174 nos}
1299 4089 1394 4163 robis
1418 4091 1491 4162 illos
1514 4089 1642 4162 serbare
1657 4091 1830 4164 debeamus
1846 4093 1881 4167 iu
1897 4094 2047 4186 orgsoios
2062 4105 2186 4166 nostrus

770 4223 930 4316 usquein
953 4221 1021 4295 dies
1043 4230 1129 4292 tros:
1157 4231 1190 4290 ιι
1212 4221 1293 4292 dum
1316 4218 1485 4289 uobiscum
1509 4218 1792 4294 vendemiaberitis
1816 4221 1898 4294 duos
1918 4222 2042 4325 omines
2065 4231 2189 4295 vestros

770 4368 846 4417 cum
870 4367 971 4418 uuum
995 4345 1154 4418 rabellum
1177 4343 1323 4417 enutrire·
1345 4341 1519 4420 debeam
1542 4367 1646 4416 uuum
1669 4355 1701 4416 ιι
1723 4346 1875 4440 eampum
1895 4356 1929 4420 et
1942 4347 2098 4426 alium'od
2112 4345 2189 4440 pal·-

769 4481 914 4548 mentum
937 4473 1022 4546 sicut
1044 4473 1167 4550 iustum
1189 4471 1311 4544 fuerit:
1346 4469 1461 4544 binum
1492 4495 1573 4545 vero
1604 4483 1638 4542 at
1669 4471 1846 4546 bibendum
1877 4484 1910 4545 at
1931 4475 2009 4568 ipsis
2033 4475 2189 4568 operariis

770 4624 826 4692 per
849 4599 1028 4672 hindemias
1061 4597 1101 4669 de
1133 4599 1265 4670 eomuni
1288 4597 1364 4670 illos
1387 4621 1507 4692 ponere
1529 4599 1727 4676 domamus:
1762 4609 1794 4670 et
1817 4601 2000 4674 nullatenus
2024 4613 2189 4697 presumet

769 4739 807 4796 ιιι
831 4735 886 4794 aut
910 4724 1082 4798 heredibus
1106 4724 1170 4796 tuis
1194 4723 1276 4808 mihi
1299 4701 1447 4818 meisque
1469 4721 1642 4794 heredibus
1664 4721 1737 4794 iilos
1760 4723 1874 4802 tollere
1893 4739 1927 4798 et
1941 4751 1960 4796 a
1976 4727 2092 4831 quobis
2106 4748 2189 4821 per-

770 4875 847 4924 sora
872 4851 945 4924 illos
970 4863 1003 4926 ιι
1024 4854 1248 4929 laborandum
1261 4853 1338 4929 dore
1361 4872 1420 4946 per
1442 4847 1569 4925 nubum
1601 4849 1736 4922 modum
1759 4873 1849 4940 ‚vene
1873 4873 1935 4944 ego
1960 4863 1993 4924 et
2016 4851 2193 4936 heredibus,
