4940 6518
945 617 958 713 l
984 623 1004 688 ⁷
1028 616 1043 714 l

275 771 413 866 pertinet
435 772 487 846 vel
509 760 705 868 pertinentes
727 773 826 846 luerit
848 791 907 868 per
929 771 1049 869 qnobis
1071 771 1205 844 modum
1228 781 1262 846 et
1290 770 1520 868 quodcumque
1552 773 1705 847 offertum

276 899 374 970 tueris
396 899 432 970 in
454 908 630 972 memorate
652 898 854 994 portionibus
877 896 991 970 suauis
1015 897 1055 969 de
1077 907 1254 972 memorata
1276 898 1411 973 eeclesia
1435 925 1454 971 a
1477 899 1602 974 biribus
1629 913 1663 973 et
1687 925 1706 969 n

275 1025 464 1102 mulieribus
487 1026 606 1109 sintin
629 1049 702 1099 men
726 1034 881 1122 potestate
904 1025 933 1098 si
955 1026 1057 1107 itteris
1086 1027 1242 1102 inmobile
1272 1031 1333 1102 siat
1362 1030 1400 1104 in
1428 1051 1500 1103 meu
1523 1039 1702 1126 potestate:

277 1149 304 1220 si
326 1161 436 1224 nutem
458 1173 525 1224 non
547 1151 648 1224 lnsris
670 1149 824 1224 inmobile
846 1151 908 1224 siat
930 1147 972 1223 da
994 1161 1172 1224 memorate
1193 1153 1398 1247 portionibus
1419 1153 1535 1228 vestris
1565 1153 1606 1226 de
1628 1175 1707 1226 me-

277 1285 403 1350 morata
426 1273 583 1348 eeclesias
606 1283 640 1346 et
661 1273 892 1372 quodcumque
914 1283 949 1345 at
970 1273 1185 1350 ooneiandum
1206 1274 1336 1348 abueris
1366 1289 1543 1351 memorate
1572 1279 1705 1372 portio-

279 1401 376 1476 nibus
398 1401 512 1475 vestrls
534 1401 575 1474 de
596 1417 774 1476 memorata
796 1401 930 1477 eeclesia
952 1425 1016 1498 ego
1036 1402 1112 1475 illut
1126 1401 1275 1476 conum
1289 1399 1466 1478 debeamus
1480 1413 1514 1476 at
1527 1407 1617 1476 omni
1632 1389 1707 1476 meo

281 1524 494 1618 expendium:
516 1526 740 1598 anummodo
762 1547 825 1622 ego
847 1524 999 1630 omnibus
1022 1525 1136 1598 diebus
1166 1523 1236 1598 vite
1266 1545 1339 1597 mee
1367 1527 1458 1598 omni
1487 1549 1594 1602 sunus
1616 1527 1709 1600 robis

283 1653 488 1749 vestrisque:
512 1652 649 1748 postelis
671 1663 705 1726 et
727 1651 900 1726 heredibus
922 1651 1037 1726 vestris
1060 1653 1139 1726 dua
1161 1662 1196 1726 et
1218 1645 1359 1747 dirigere
1382 1653 1499 1728 debon
1512 1656 1710 1748 pernatibi-

285 1785 351 1849 tate
375 1775 498 1850 domini
522 1775 646 1848 oblutus
666 1777 757 1872 paris
785 1777 932 1874 quinque
963 1786 997 1850 et
1027 1799 1087 1873 per
1117 1785 1265 1850 sanctum
1295 1774 1413 1871 pesrhe
1442 1775 1593 1852 similiter
1620 1780 1710 1872 paria

285 1905 434 1998 quinque
456 1915 490 1976 et
512 1927 573 2000 per
596 1903 700 1978 iobidi
722 1915 868 1978 sanetum
891 1905 1012 2002 pastilli
1035 1903 1248 2002 quadraginta
1271 1902 1365 1977 uobis
1380 1915 1559 1978 memorato
1573 1905 1712 1978 domino

286 2031 435 2126 filippum
459 2031 638 2106 venerabili
661 2033 819 2130 igumeno
842 2043 875 2105 et
897 2042 931 2105 at
952 2033 1090 2129 posteris
1112 2032 1229 2106 vestris
1250 2031 1422 2105 medeare
1452 2042 1486 2105 et
1515 2033 1609 2107 vohis
1639 2057 1710 2108 me·

279 2160 412 2234 moratis
435 2163 578 2256 regnetis
604 2161 754 2236 similiter
777 2160 841 2234 alia
862 2160 1048 2234 medietate:
1071 2165 1104 2230 et
1118 2183 1184 2233 non
1197 2159 1316 2232 abeatis
1338 2159 1469 2234 licentis
1492 2185 1552 2236 vos
1574 2171 1607 2235 et
1628 2187 1698 2259 po-

279 2289 374 2362 steris
396 2289 511 2362 restris
533 2291 588 2362 vel
609 2288 782 2363 heredibus
802 2289 919 2362 vestris
941 2287 1024 2362 mihi
1053 2287 1119 2361 vito
1141 2309 1215 2358 mee
1242 2285 1316 2360 illos
1343 2269 1458 2361 tollere
1485 2311 1544 2384 per
1572 2288 1701 2362 nullum

279 2419 415 2516 mpdum
435 2437 496 2490 nan
517 2417 698 2492 sacerdotes
719 2418 774 2492 uel
796 2416 951 2490 clericum
983 2423 1039 2490 aut
1068 2436 1243 2488 monacum
1274 2437 1371 2509 super
1400 2437 1456 2488 me
1486 2438 1608 2510 ponere
1641 2442 1700 2512 per

281 2541 410 2616 nullum
431 2539 567 2614 modum
580 2541 692 2617 dantes
707 2549 740 2615 at
751 2538 941 2636 atinplentes
955 2535 1048 2611 omni
1061 2557 1167 2610 annua
1181 2535 1335 2609 omnibus
1354 2538 1541 2627 memoratis
1555 2549 1594 2611 ut
1608 2561 1707 2634 super

202 2671 208 2681 '
281 2671 422 2765 legitm:
443 2677 517 2765 pest
537 2690 649 2744 meum
674 2669 846 2760 transitum
872 2674 1051 2742 memorate
1080 2661 1286 2762 portionibus
1314 2664 1430 2738 vestris
1461 2665 1503 2736 de
1529 2675 1708 2738 memoratu

277 2791 416 2866 eeclesia
440 2813 517 2866 cum
538 2793 630 2866 omni
651 2813 719 2891 que
739 2813 799 2888 per
820 2789 1060 2864 imbentsuaum
1081 2787 1165 2862 mihi
1189 2785 1346 2860 dedistitis
1369 2809 1446 2862 eum
1468 2789 1619 2864 omnihus
1636 2813 1709 2862 me-

280 2919 415 2993 moratis
436 2929 475 2994 ut
497 2942 594 3018 super
615 2920 736 3018 legitur
757 2920 794 2994 in
815 2927 922 2994 restra
944 2917 1145 3013 vestrisque:
1167 2916 1303 3011 pesteris
1326 2925 1359 2989 et
1388 2915 1561 2992 heredibus
1587 2919 1704 2992 restris

280 3044 484 3119 rebertantur
505 3053 661 3142 potestate
683 3045 777 3140 eujus
795 3045 873 3142 jure
905 3065 973 3118 esse
1003 3041 1183 3115 uidemini:
1207 3041 1293 3126 Quia
1317 3043 1362 3113 ita
1383 3043 1477 3114 nobis
1498 3043 1642 3138 placuit:
1675 3045 1704 3116 si
1760 3043 1768 3054 '

280 3183 391 3244 sutem
414 3189 480 3262 ego
502 3169 595 3242 rb’ter
616 3169 789 3244 leserimus
816 3167 857 3240 de
887 3165 1090 3239 isomnibus
1120 3163 1309 3238 memoratis
1341 3188 1401 3259 per
1426 3167 1544 3262 quobis
1570 3169 1705 3243 modam

282 3306 340 3368 aut
361 3295 541 3368 summissis
561 3295 708 3392 persenis
727 3301 809 3388 tune
832 3291 1055 3388 oomponimus
1077 3291 1172 3366 robis
1194 3292 1395 3390 vestrisquer
1419 3295 1557 3388 pesteris
1580 3305 1614 3368 et
1637 3294 1704 3369 he-

283 3417 416 3492 redibus
437 3419 552 3491 vestris
574 3419 650 3491 suri
672 3417 777 3491 solido
800 3413 972 3489 duodecim
993 3415 1214 3512 bpthirnteos:
1237 3423 1271 3488 et
1291 3415 1353 3488 hee
1376 3415 1521 3490 chartula
1544 3419 1587 3490 sit
1610 3419 1706 3492 firma

283 3543 402 3638 scripta
424 3561 621 3636 permeans
643 3538 793 3612 iohannis
815 3537 952 3612 Curielis
973 3559 1033 3636 per
1054 3549 1232 3612 memorata
1254 3539 1459 3613 indictiones
1472 3591 1695 3616 ..........

283 3665 344 3740 ulie
367 3689 492 3742 manus
500 3714 841 3739 ...............

377 3793 410 3892 †
433 3819 496 3893 ego
518 3805 629 3893 petrus
650 3793 808 3892 presbiter
831 3793 1003 3892 subscripsi
1026 3793 1058 3891 †
1079 3843 1255 3871 ........
1270 3797 1332 3873 elia
1353 3803 1487 3874 manusss
1501 3849 1703 3878 .........

377 3924 495 4022 †ego
519 3923 674 3998 iohannes
697 3922 827 3998 curialis
849 3924 938 3997 testis
961 3923 1183 4022 subscripsi†
1183 3973 1350 4000 ........
1372 3951 1449 4000 nam
1473 3931 1562 4003 testis
1570 3979 1699 4006 ......
1858 3963 1866 3972 ·

382 4051 413 4148 †
437 4073 500 4147 ego
522 4059 632 4147 petrus
654 4047 740 4122 lilius
762 4049 886 4122 domim
908 4047 1003 4123 basili
1010 4096 1208 4123 .........
1241 4051 1361 4124 lterum
1384 4053 1471 4126 testis
1477 4101 1704 4128 ..........

380 4178 412 4275 †
435 4199 498 4274 epo
520 4176 676 4248 iomanes
699 4174 784 4250 lilius
807 4175 938 4248 domini
963 4177 1074 4270 petri..
1088 4231 1098 4250 .
1113 4226 1122 4247 .
1137 4227 1146 4248 .
1162 4230 1170 4246 .
1184 4175 1195 4250 ’.
1312 4177 1462 4250 similiter
1486 4181 1588 4256 testis.

377 4304 410 4401 †
432 4305 506 4401 Ego
528 4303 683 4376 iohmnes
698 4301 836 4374 curialis
859 4301 1029 4398 complevi
1052 4311 1085 4378 et
1108 4303 1230 4378 absolvi
1252 4327 1311 4400 per
1333 4315 1511 4380 memorate
1533 4307 1711 4386 indictione

285 4438 318 4534 †
324 4480 573 4508 ...........
595 4429 658 4504 alis
682 4452 797 4506 manus
808 4477 1077 4501 ............

382 4556 414 4652 †
437 4581 500 4654 ego
523 4555 648 4650 sergius
670 4553 845 4650 primarius
867 4551 968 4627 Curie
990 4553 1090 4627 huius
1112 4553 1249 4630 civitatis
1272 4557 1416 4652 neapolis
1438 4559 1500 4631 hee
1514 4559 1711 4654 exemplaris

289 4685 433 4760 chartule
456 4684 540 4758 sieut
561 4683 708 4779 superius
731 4681 850 4777 legitur
872 4703 970 4776 quem
994 4680 1065 4754 eius
1088 4681 1269 4756 audenter
1292 4683 1386 4756 nobis
1409 4683 1535 4755 diressit
1558 4687 1713 4779 eupraxia

290 4811 422 4882 honesta
446 4809 566 4880 femina
589 4803 703 4877 eonius
726 4804 825 4898 sergii
847 4803 916 4876 filiu
941 4805 1105 4902 quondan
1134 4807 1258 4880 domini
1281 4805 1427 4892 iohannis
1459 4807 1499 4880 de
1529 4829 1624 4882 muso
1651 4834 1714 4906 pro

292 4937 352 5010 ists
375 4933 604 5032 exemplarium
627 4941 661 5004 nt
683 4955 737 5006 ees
760 4931 942 5008 laciendum
964 4959 1007 5009 ex
1030 4935 1098 5029 ipsa
1123 4933 1307 5008 authentice
1329 4933 1470 5010 relevata
1486 4943 1520 5008 et
1535 4959 1554 5007 a
1569 4936 1714 5032 singulos
