4934 6532
1404 607 1549 700 (³06)

772 784 890 880 viginti
913 791 1051 876 septem.
1083 775 1149 846 aliu
1175 773 1274 842 latere
1307 777 1391 838 tarra
1423 787 1494 838 mea
1527 769 1559 830 et
1583 769 1671 832 terra
1695 761 1738 834 de
1761 761 1825 854 ipsi
1849 768 2059 862 suprascripti
2086 773 2200 846 arnel-

774 915 856 988 barti
879 921 911 980 et
934 909 1007 978 inde
1033 902 1130 972 habet
1165 918 1275 990 passus
1305 893 1422 988 biginti
1446 899 1616 987 quattuor.
1649 911 1718 962 unu
1748 893 1854 985 capite
1886 905 1974 966 tenet
1998 898 2029 966 in
2055 899 2106 968 via
2131 925 2201 994 pu-

774 1037 857 1106 blica
881 1029 977 1097 habet
1000 1025 1076 1096 inde
1110 1043 1167 1116 per
1198 1018 1378 1090 trabersum
1401 1037 1511 1112 passus
1541 1012 1659 1106 biginti
1683 1023 1859 1109 quattuor.
1890 1019 1957 1088 aliu
1981 1023 2086 1114 capite
2111 1037 2200 1096 senet

772 1165 808 1232 in
838 1152 1052 1252 suprascripta
1083 1147 1188 1242 prima
1220 1145 1304 1240 petia
1336 1143 1375 1213 de
1408 1154 1493 1214 terra
1517 1149 1548 1210 et
1571 1139 1606 1210 in
1629 1149 1717 1208 terra
1742 1163 1816 1212 moa
1839 1153 1872 1212 et
1896 1143 1932 1214 in
1956 1153 2043 1212 terra
2067 1147 2107 1218 de
2133 1151 2198 1239 ipsi

773 1284 882 1376 nepoti
904 1276 1114 1371 suprascripti
1138 1270 1310 1346 amalberti
1334 1277 1367 1340 et
1391 1265 1465 1338 inde
1488 1264 1584 1336 habet
1605 1287 1716 1360 passm
1733 1265 1849 1360 biginti
1866 1279 1947 1340 tres.
1970 1267 2098 1353 Quarta
2113 1273 2199 1362 petia

775 1413 814 1480 de
838 1417 922 1476 tarra
946 1416 995 1473 est
1012 1401 1112 1472 iundo
1135 1421 1236 1493 prope
1252 1395 1436 1468 iamdictam
1453 1391 1620 1464 ecclesiam
1635 1393 1737 1464 saneti
1755 1393 1900 1486 georgii.
1922 1415 1990 1486 quc
2008 1393 2107 1464 habet
2124 1396 2198 1468 bnis

774 1532 815 1601 ab
839 1551 906 1600 uuo
932 1527 1031 1598 latere
1055 1533 1142 1593 terra
1164 1543 1236 1592 mea
1260 1517 1357 1592 habet
1380 1513 1456 1588 inda
1485 1517 1520 1586 in
1537 1514 1672 1608 longum
1687 1535 1797 1606 passus
1814 1515 1983 1610 sexaginta
2000 1515 2112 1588 hocto.
2131 1519 2198 1590 aliu

776 1661 873 1730 latere
898 1665 984 1726 tenet
1016 1653 1050 1724 in
1073 1661 1159 1723 terra
1182 1647 1331 1720 similiter
1361 1666 1450 1716 maa.
1483 1642 1614 1714 atinde
1638 1642 1736 1714 habet
1760 1665 1873 1736 passus
1896 1647 2092 1740 nonaginta.
2127 1669 2195 1719 nnu

777 1789 879 1878 capite
903 1792 989 1854 tenet
1014 1785 1047 1851 in
1071 1781 1124 1852 via
1148 1777 1277 1872 publica
1310 1774 1410 1846 habet
1433 1773 1509 1846 inde
1532 1795 1590 1868 per
1614 1773 1797 1844 trabarsnm
1819 1793 1931 1866 passus
1957 1775 2194 1870 quinquaqinta

777 1915 891 1984 boeto.
921 1913 986 1982 aliu
1017 1907 1119 2001 capita
1143 1915 1228 1976 tenet
1251 1905 1285 1973 in
1309 1911 1395 1974 terra
1420 1923 1493 1974 mea
1518 1907 1551 1972 et
1573 1901 1648 1974 iuda
1671 1899 1770 1970 habet
1793 1921 1904 1990 prnsus
1927 1899 2044 1972 boeto.
2070 1903 2190 1986 Quinta

730 2129 736 2142 ,
776 2042 860 2134 petia
887 2039 998 2132 ibique
1022 2035 1192 2106 coniuncta
1216 2053 1281 2124 que
1306 2039 1354 2100 est
1377 2027 1529 2100 similiter
1552 2027 1654 2100 fundo
1670 2026 1849 2121 quebabat
1866 2028 1938 2102 finis
1957 2029 2000 2100 ab
2013 2051 2078 2102 nuo
2092 2029 2192 2099 latere

778 2177 825 2238 est
848 2163 1021 2236 coniuncta
1055 2183 1131 2232 cnm
1164 2156 1377 2251 suprascripta
1406 2162 1521 2250 quarta
1548 2152 1635 2246 petia
1659 2153 1709 2244 dc¹
1722 2163 1806 2225 terra
1829 2175 1901 2224 mea
1925 2177 1992 2249 que
2016 2169 2065 2228 est
2089 2155 2191 2228 tundo

779 2303 810 2364 et
834 2294 886 2364 via
910 2290 1039 2383 publica
1061 2287 1165 2358 habet
1190 2284 1264 2356 inde
1288 2307 1346 2377 por
1369 2281 1503 2374 longum
1523 2303 1634 2374 passus
1648 2289 1776 2354 cantum
1791 2280 2030 2376 qninquaginta
2055 2282 2122 2352 aliu
2140 2267 2189 2351 i'a-

778 2433 846 2490 tere
869 2427 916 2490 est
940 2416 1004 2486 tine
1036 2438 1119 2508 aqua
1143 2414 1183 2484 de
1206 2413 1278 2503 ipsu
1301 2432 1398 2480 saone
1422 2419 1456 2480 et
1480 2409 1556 2482 inda
1579 2408 1676 2482 habat
1707 2432 1764 2504 per
1787 2409 1922 2502 tanqum
1946 2431 2061 2502 passus
2083 2412 2188 2504 qnin-

780 2544 932 2636 quaginta
957 2550 989 2606 et
1011 2545 1149 2628 septem.
1180 2555 1248 2604 unu
1273 2533 1375 2626 capita
1399 2540 1488 2606 tenet
1513 2533 1548 2604 in
1573 2542 1658 2606 terra
1672 2534 1712 2604 dc
1728 2533 1858 2605 atenolfi
1875 2534 1934 2627 qui
1951 2533 2099 2630 paroiulo
2114 2533 2187 2602 eia-

778 2673 885 2736 matur
909 2661 966 2732 filii
992 2657 1154 2754 quondam
1178 2656 1318 2728 anissoni
1339 2655 1435 2728 babet
1450 2656 1525 2728 inde
1540 2680 1598 2752 per
1614 2658 1776 2730 trabersus
1789 2680 1899 2752 passus
1913 2659 2025 2732 decem
2040 2669 2073 2730 et
2088 2660 2185 2731 bocto

780 2792 845 2862 aliu
869 2790 973 2884 capite
997 2796 1084 2858 tenet
1114 2789 1148 2856 in
1173 2795 1257 2856 terra
1286 2783 1442 2880 garipcrti
1475 2798 1508 2858 et
1531 2787 1605 2860 inda
1628 2785 1725 2858 babet
1747 2809 1856 2880 passus
1878 2787 1990 2859 decem
2015 2787 2125 2858 decem
2151 2797 2185 2856 et

780 2923 919 3006 septem.
949 2919 981 2980 at
1002 2930 1153 2980 mensura
1177 2907 1216 2980 de
1239 2929 1335 3000 passu
1358 2907 1490 2978 landoni
1513 2909 1635 2980 seniori
1654 2909 1785 2982 cutaldi
1804 2918 1983 2980 mamurate
2000 2919 2089 2978 sunt.
2115 2931 2180 3002 que

782 3041 816 3108 in
843 3061 915 3108 mea
939 3047 971 3108 et
995 3038 1035 3108 de
1060 3036 1141 3108 meis
1165 3035 1336 3108 heredibus
1360 3034 1523 3108 reaerbabi
1546 3045 1702 3130 potestate
1727 3036 1912 3108 iaciendum
1936 3035 2054 3106 exinde
2081 3037 2191 3106 omnia

779 3184 844 3255 que
868 3161 960 3230 nobis
983 3160 1152 3252 placuerit.
1164 3181 1273 3252 ,esque
1290 3157 1380 3230 omni
1395 3161 1620 3231 contrarietate
1637 3171 1741 3232 vestra
1757 3173 1791 3233 et
1805 3162 1846 3232 de
1864 3162 1978 3234 vestris
1994 3159 2182 3234 heredibus.

781 3291 863 3358 Nam
889 3286 929 3358 de
953 3287 1023 3358 aliis
1046 3285 1194 3358 omnibus
1218 3285 1313 3360 rebus
1337 3295 1370 3356 ct
1392 3287 1577 3358 substantiis
1601 3289 1717 3360 vestris
1733 3311 1795 3384 ego
1810 3288 1870 3384 qui
1886 3311 1985 3382 supra
2002 3288 2099 3359 lando
2123 3309 2186 3358 co-
2269 3315 2279 3326 ³

780 3437 848 3486 mes
872 3415 962 3486 vohis
985 3413 1237 3510 sopranominati
1261 3415 1328 3486 ursi
1352 3413 1487 3487 maraldi
1510 3425 1542 3487 et
1566 3414 1694 3486 bisantii
1717 3413 1872 3488 domnelli
1897 3425 1930 3486 et
1946 3414 2027 3486 saliri
2042 3436 2096 3484 me
2111 3435 2188 3484 ma-

781 3539 959 3609 nirestabis.
999 3561 1057 3610 seu
1080 3549 1113 3608 at
1135 3539 1175 3609 de
1199 3539 1333 3631 integris
1365 3537 1558 3634 perennibus
1582 3539 1696 3614 vestris
1719 3549 1751 3610 et
1773 3541 1814 3611 de
1838 3539 1994 3612 uxoribus
2017 3547 2049 3610 et
2071 3539 2188 3606 nuruis

779 3667 892 3736 vestris
915 3687 972 3734 seu
996 3676 1028 3734 et
1051 3664 1091 3734 de
1116 3665 1191 3734 filiis
1207 3664 1334 3734 filiabus
1350 3675 1384 3735 et
1402 3666 1571 3760 nepotibus
1588 3668 1699 3736 vestris
1715 3688 1767 3734 me
1783 3665 1999 3736 manifestabit
2013 3673 2051 3732 ut
2066 3662 2190 3733 liberos

778 3800 810 3857 et
835 3789 950 3860 liberas
973 3791 1100 3860 essetis.
1131 3799 1163 3860 et
1187 3813 1246 3862 nec
1271 3791 1363 3864 nobis
1387 3817 1446 3866 nec
1470 3803 1504 3866 at
1527 3792 1642 3864 nostris
1664 3791 1837 3862 heredibus
1860 3789 1985 3862 nuttam
2009 3799 2060 3860 est
2085 3789 2188 3880 perti·

779 3935 857 3982 nens
881 3935 940 4006 per
963 3912 1083 3983 nuttam
1116 3913 1323 4010 scriptionem
1357 3927 1414 3987 aut
1448 3917 1623 3988 rationem.
1659 3916 1748 3988 Unde
1774 3914 1880 3983 taliter
1905 3912 2019 4006 obligo
2043 3935 2110 4006 ego
2132 3911 2190 4005 qui

779 4059 876 4130 supra
900 4035 995 4108 lando
1019 4059 1127 4108 comcs
1150 4061 1203 4109 ma
1227 4049 1258 4109 et
1285 4041 1367 4111 meis
1392 4040 1566 4111 heredibus
1590 4041 1682 4111 vobis
1702 4039 1953 4136 supranominati
1969 4039 2037 4109 ursi
2053 4036 2188 4107 maraidi

778 4175 809 4232 et
841 4161 970 4232 bisantii
1003 4160 1155 4234 domnalli
1179 4173 1211 4234 et
1234 4163 1329 4236 talisi.
1361 4174 1450 4237 etat
1475 4166 1591 4238 vestris
1622 4163 1793 4236 heredibus
1823 4163 1929 4236 taliter
1954 4172 1992 4230 ut
2016 4163 2043 4232 si
2069 4161 2185 4230 amodo

778 4299 809 4356 et
833 4309 1037 4380 quacumque
1061 4289 1239 4362 atbeniente
1263 4279 1410 4387 tempora
1434 4293 1494 4361 boa
1518 4291 1772 4386 supranominati
1797 4299 1852 4358 aut
1878 4287 2039 4360 uxoribus
2063 4297 2096 4356 et
2120 4307 2184 4355 nu-

778 4415 846 4484 ruis
870 4415 984 4483 vcstris
1009 4424 1064 4484 aut
1085 4415 1159 4489 filiis
1182 4420 1308 4492 filiabus
1332 4429 1364 4490 et
1389 4417 1558 4512 nepotibus
1584 4419 1700 4488 vestris
1723 4416 1832 4488 aerbos
1858 4425 1913 4484 ant
1939 4411 2067 4522 ancilias
2083 4409 2182 4480 aldios

776 4534 826 4605 vel
851 4534 949 4605 aldias
971 4546 1027 4607 aut
1047 4539 1295 4635 qualiscumque
1319 4541 1483 4634 pertinem
1507 4538 1603 4611 nobis
1626 4541 1731 4612 iacere
1755 4547 1810 4610 aut
1835 4537 1954 4608 habere
1970 4531 2186 4630 quesierimus

776 4671 830 4731 aut
853 4662 880 4730 si
905 4660 945 4731 de
969 4665 1117 4756 predictis
1140 4668 1236 4738 rebus
1253 4677 1286 4738 et
1302 4657 1486 4740 substantiis
1510 4666 1626 4741 vestris
1651 4667 1742 4738 vobis
1769 4665 1822 4738 vei
1836 4676 1868 4736 at
1884 4665 1999 4736 vestris
2013 4660 2186 4736 heredibus

775 4785 887 4856 tollere
920 4802 975 4862 aut
1004 4792 1169 4863 eminuere
1202 4793 1416 4889 quesierimus
1449 4791 1502 4866 sel
1524 4794 1553 4864 si
1578 4815 1643 4864 non
1668 4791 1761 4863 vohis
1785 4789 2054 4885 complebas-imus
2077 4785 2181 4857 omnia

777 4921 807 4980 et
833 4912 866 4981 in
891 4915 1041 4995 omnihus
1063 4919 1146 4988 sicut
1170 4924 1317 5013 superius
1341 4923 1476 5017 iegitur.
1498 4930 1634 5014 excepto
1658 4917 1731 4992 ittet
1755 4941 1820 5012 que
1838 4927 1872 4986 ut
1890 4937 1985 5010 super
2009 4921 2183 5003 exceptus·
