4888 6528
1370 497 1514 595 (ers)

726 692 758 754 n
778 627 951 754 serenes
979 671 1061 744 nen
1088 664 1148 738 evi
1178 659 1307 754 unqu
1337 648 1510 724 seruiens
1535 645 1606 714 sus
1632 639 1753 715 sonus
1776 641 1895 737 ergene
1922 652 2071 740 pauor
2093 653 2161 750 g,

729 807 888 878 tbinntem
912 807 943 870 et
965 821 1002 866 ec
1026 784 1171 863 chartule
1202 772 1394 852 venditionis
1427 777 1466 837 ut
1496 789 1594 859 super
1621 765 1744 858 legitur
1767 766 1809 838 sit
1833 767 1928 838 firme
1951 773 2070 868 scripta
2095 799 2155 870 per

730 951 845 1002 manus
867 919 964 1012 sergii
988 911 1119 985 curidis
1141 927 1200 999 per
1223 903 1400 972 memorate
1419 903 1511 968 sexta
1525 889 1700 964 indictione
1716 891 1748 988 †
1766 891 1831 962 boc
1845 893 1974 988 signnm
1989 898 2019 994 †
2037 921 2155 974 manus

732 1055 907 1126 memoratu
922 1037 1024 1109 meris
1040 1031 1100 1129 qui
1113 1027 1265 1100 mneside
1289 1023 1445 1094 clamatur
1467 1017 1579 1090 relicte
1602 1016 1777 1088 memorati
1802 1017 1968 1113 quondum
1990 1023 2087 1116 sergii
2111 1024 2152 1097 de

734 1171 847 1272 gintile
871 1189 933 1262 ego
956 1161 1014 1260 qui
1037 1163 1234 1230 memoratos
1256 1173 1316 1245 pm
1340 1171 1411 1223 mm
1429 1144 1602 1240 subscdpsi
1616 1151 1649 1214 et
1662 1155 1860 1218 memoratos
1876 1145 1998 1218 solides
2019 1145 2160 1222 nudus

828 1294 861 1391 †
884 1312 946 1386 ego
969 1295 1080 1382 petnrs
1103 1279 1188 1352 titius
1211 1275 1334 1347 domini
1368 1273 1481 1346 esseni
1512 1279 1646 1366 rogetus
1671 1293 1691 1340 a
1714 1273 1932 1368 suprascripto
1954 1272 2061 1344 merie
2084 1273 2158 1344 testi

736 1417 910 1513 subscripsi
934 1423 967 1484 et
990 1405 1225 1504 suprascriptos
1248 1399 1369 1472 subdes
1392 1397 1528 1468 traditos
1551 1394 1620 1466 bidi
1646 1392 1678 1488 †

833 1544 864 1639 †
886 1545 959 1637 Ego
982 1537 1138 1610 iohannes
1162 1528 1291 1604 curialis
1316 1535 1448 1620 rogetus
1473 1529 1500 1594 ε’
1514 1529 1692 1595 memorate
1708 1520 1809 1592 muna
1826 1520 1916 1592 testis
1938 1519 2114 1615 subscripsi
2127 1528 2159 1594 et

737 1674 934 1748 memoratos
959 1663 1079 1738 solidos
1102 1658 1243 1731 trsdidos
1268 1649 1389 1746 bidi†
1461 1690 1464 1699 ·

835 1798 866 1893 †
891 1817 954 1891 ego
977 1791 1131 1864 iobenucs
1153 1785 1239 1856 tilius
1263 1781 1385 1854 domini
1408 1779 1506 1874 sergii
1530 1785 1661 1872 rogetus
1684 1801 1705 1846 n
1728 1775 1943 1871 suprascripte
1969 1776 2165 1848 matiscenci

742 1921 915 2017 subscripsi
937 1925 969 1988 ct
991 1912 1224 2008 suprascriptos
1248 1906 1369 1978 solidos
1391 1905 1533 1976 tradidos
1557 1903 1627 1973 bidi
1650 1901 1682 1998 †
1811 2015 1814 2022 Δ

837 2053 868 2148 †
890 2047 963 2138 Ego
988 2040 1111 2135 sergius
1134 2035 1271 2108 Curictis
1286 2033 1345 2129 qui
1356 2035 1554 2104 memoratos
1570 2037 1643 2122 post
1659 2027 1891 2123 subscriptione
1910 2029 2040 2102 testium
2054 2026 2156 2100 ton-

742 2175 829 2271 pteui
852 2181 885 2246 et
907 2165 1030 2244 absolvi
1053 2185 1112 2260 per
1134 2165 1314 2236 memorate
1335 2167 1426 2231 sextu
1449 2153 1626 2228 indictione
1649 2151 1679 2248 †

1202 2565 1208 2576 '
1354 2553 1545 2629 cccxxw.

840 2809 871 2906 †
896 2810 934 2879 ln
956 2803 1087 2878 nomine
1109 2803 1231 2878 domini
1254 2803 1308 2882 dei
1329 2804 1496 2897 calistonis
1519 2803 1622 2876 nostri
1640 2801 1735 2876 Ibmu
1749 2801 1880 2876 Christi:
1898 2805 2075 2902 imperante
2090 2807 2159 2880 do·

744 2939 835 3010 mino
848 2947 959 3010 nostre
972 2935 1086 3007 besilio
1102 2957 1222 3028 magno
1238 2935 1441 3028 imperatore:
1449 2956 1534 3006 eune
1550 2933 1752 3028 sexagesimo
1768 2932 1875 3004 tertio:
1891 2933 1945 3005 scd
1961 2944 1992 3006 ct
2008 2949 2155 3006 constan·

746 3065 817 3134 tino
833 3081 951 3156 magno
966 3060 1159 3154 imperatore
1166 3061 1275 3146 ,trater
1291 3059 1360 3129 cius
1375 3080 1459 3130 enno
1476 3059 1696 3150 sexagesimoz
1713 3059 1776 3132 Die
1790 3067 1878 3132 sexta
1893 3059 2016 3131 decime
2039 3061 2157 3134 mensis

746 3187 826 3259 iunii
849 3185 1036 3258 indictione:
1053 3193 1143 3257 sexte
1156 3181 1304 3278 neapoli:
1320 3182 1452 3254 Certum
1476 3192 1525 3254 est
1548 3204 1607 3254 nos
1631 3193 1761 3276 petrum
1784 3185 2040 3257 secundicerium
2056 3184 2157 3256 titium

745 3315 908 3412 quondam
930 3312 1086 3410 stephani
1100 3314 1158 3410 qni
1181 3336 1279 3408 super
1300 3335 1421 3385 nomen
1443 3311 1512 3407 cyti
1532 3319 1566 3381 ct
1582 3314 1740 3385 essarium
1754 3313 1857 3386 titium
1872 3314 2035 3409 quendem
2051 3314 2158 3386 donati

745 3439 881 3511 deloco
904 3437 963 3532 qui
985 3446 1121 3509 vocetur
1143 3437 1327 3509 eriniumm
1349 3459 1412 3531 ego
1435 3446 1615 3509 memorato
1637 3447 1729 3532 petro
1752 3437 1972 3509 secundicerio
1994 3460 2056 3531 pro
2080 3439 2154 3510 vice

745 3583 818 3630 mcc
842 3569 908 3631 ons
931 3579 993 3653 pro
1015 3557 1088 3628 vice
1112 3558 1257 3654 gregorii
1279 3558 1409 3655 cognati
1433 3557 1498 3628 mei
1521 3557 1730 3630 abitatoribus
1753 3565 1862 3630 autem
1876 3559 1912 3630 in
1925 3558 1999 3630 loco
2015 3559 2073 3655 qui
2090 3582 2161 3632 ro-

745 3695 837 3756 cetur
860 3705 976 3779 campo
998 3685 1161 3756 rommeni
1184 3687 1273 3782 quod
1297 3697 1344 3760 est
1367 3685 1448 3762 toris
1471 3685 1634 3760 flubcum:
1658 3689 1687 3759 Α
1709 3687 1850 3784 presenti
1870 3687 1923 3760 die
1937 3687 2155 3782 promtissime

743 3809 922 3884 vulumtete
944 3811 1168 3906 promictimus
1191 3815 1285 3888 vobis
1308 3813 1441 3888 domino
1469 3814 1615 3910 prouecti
1640 3813 1855 3888 venerabilem
1872 3815 2061 3909 igummcno
2076 3835 2153 3886 mo-

743 3937 875 4008 nasterii
898 3947 1083 4012 sanctorum
1106 3939 1255 4014 theodori
1278 3949 1311 4011 et
1333 3937 1504 4040 sebastiani
1528 3939 1586 4036 qui
1601 3937 1777 4034 appellatur
1792 3939 1980 4034 ccsnpictom
1998 3938 2088 4034 quod
2107 3945 2156 4010 est

742 4063 778 4134 in
801 4061 1003 4136 biridierium
1027 4072 1198 4162 vestraque
1230 4071 1372 4137 sanctem
1396 4073 1429 4137 et
1452 4061 1646 4138 venerabilis
1671 4072 1776 4135 vesun
1799 4062 2050 4157 congregatione
2074 4083 2153 4144 mo·

741 4183 921 4257 nocherum
943 4187 1113 4259 memorari
1136 4185 1238 4257 sancti
1261 4194 1294 4257 ct
1317 4185 1512 4257 venerabilis
1534 4183 1634 4255 sesni
1657 4184 1852 4258 monasterii
1876 4193 2010 4281 propter
2025 4183 2151 4278 integre

741 4309 823 4380 sitve
845 4312 1017 4380 memorati
1039 4311 1141 4381 sancti
1164 4323 1196 4378 et
1219 4307 1415 4382 venerabilis
1439 4311 1537 4386 vestri
1552 4315 1741 4388 monasterii
1756 4316 1814 4410 qui
1836 4315 2021 4387 nominetur
2034 4321 2066 4383 et
2079 4333 2149 4406 po-

741 4431 832 4502 nitm
856 4429 897 4499 sd
920 4427 980 4500 illu
1002 4429 1116 4502 mun
1140 4431 1229 4528 quod
1252 4441 1301 4504 est
1324 4433 1358 4505 in
1381 4445 1525 4510 montem
1548 4439 1692 4510 beeubei.
1725 4451 1882 4534 quantum
1909 4449 1956 4511 est
1980 4459 2077 4532 super
2099 4435 2154 4507 bie

741 4556 872 4652 publice
895 4567 929 4630 ct
953 4557 1065 4630 subtus
1083 4559 1152 4654 ipse
1167 4561 1232 4632 bie.
1257 4565 1329 4635 Une
1345 4587 1422 4638 cum
1438 4565 1576 4660 scepuiis
1590 4573 1623 4636 et
1637 4564 1715 4637 ribis
1731 4575 1764 4638 et
1778 4565 2039 4638 cum'introitnm
2054 4585 2150 4634 sunm

741 4681 956 4777 omnibusque
979 4683 1026 4756 eis
1049 4685 1305 4776 pcrtinentibuec
1330 4687 1508 4762 Gobcrcnte
1531 4689 1594 4761 sibi
1618 4689 1658 4762 ab
1675 4713 1742 4763 nno
1757 4687 1856 4765 intere
1872 4701 1920 4762 est
1933 4691 2096 4786 reliquum
2112 4709 2155 4758 cx

739 4804 809 4904 ipss
831 4802 913 4904 silbe
935 4813 1042 4878 resne
1064 4815 1098 4878 et
1120 4807 1193 4881 ribo
1214 4819 1324 4885 vestro
1354 4793 1413 4907 qui
1431 4809 1633 4890 nominetur
1662 4815 1703 4892 dc
1726 4815 1836 4912 lepore
1860 4812 2012 4912 quomis
2032 4821 2156 4887 sesnes
