4882 6534
908 584 1050 683 (aar)

256 763 385 829 eentum
408 751 647 847 quinquaginta
666 747 761 820 solidi
785 743 1034 816 constantiniani
1053 743 1144 814 aurei
1166 741 1254 814 huni.
1278 749 1312 813 et
1334 750 1407 836 post
1410 787 1666 814 ...........

255 877 338 948 hane
370 887 489 946 cutam
521 875 582 946 ista
611 869 814 944 donationis:
849 869 915 939 Seu
946 866 1161 938 concessionis
1184 865 1289 959 adque
1312 865 1527 937 iudicationis.
1551 865 1675 936 Omni-

255 1025 377 1098 umque
403 1013 588 1095 temporam
612 997 740 1070 firmam
763 1005 797 1064 et
819 992 933 1067 stshile
956 1003 1142 1087 permaneat
1165 995 1200 1065 iu
1224 1001 1418 1086 perpetuum
1435 1001 1467 1061 et
1483 1013 1540 1086 per
1554 1013 1674 1084 supra-

255 1128 374 1200 dictam
398 1126 550 1220 guadiam
582 1133 615 1196 et
646 1121 833 1194 iamdictum
857 1119 1071 1192 mediatorem
1094 1120 1153 1213 qui
1176 1141 1211 1190 se
1235 1117 1351 1190 tribuit
1373 1117 1465 1188 nohis
1487 1118 1529 1188 ad
1552 1117 1675 1210 pigno-

255 1255 394 1324 randum
418 1276 475 1346 per
498 1251 608 1324 omnia
631 1250 768 1344 pignora
791 1271 850 1320 sua
872 1245 1019 1342 legitima
1042 1255 1083 1316 et.
1098 1247 1278 1340 inlegitima
1286 1294 1537 1320 ...........
1566 1243 1676 1314 invitis

258 1379 490 1474 adimpleamus
513 1377 606 1450 vohis
622 1380 714 1450 iuxta
731 1377 785 1450 vel
800 1385 895 1450 textu
918 1373 1051 1445 cartule.
1075 1372 1184 1456 Quum
1206 1384 1239 1446 te
1255 1373 1412 1446 iohannes
1434 1373 1576 1453 notarius
1601 1370 1676 1440 leo-

257 1507 358 1601 nique
382 1503 470 1575 lilius
493 1503 599 1574 taliter
622 1503 762 1574 scrihere
786 1501 1039 1594 rogavimus...
1054 1495 1257 1572 ‚vircareuse
1279 1500 1408 1570 civitate

354 1630 385 1725 †
408 1632 481 1724 Ego
503 1629 562 1722 qui
586 1651 683 1722 supra
708 1626 847 1698 iohanne
870 1622 979 1704 iudice

1883 811 1904 856 d

354 1759 385 1855 †
408 1757 543 1852 Signum
568 1755 673 1826 erneis
694 1754 828 1850 proprie
851 1775 966 1824 manus
990 1751 1139 1824 iohannis
1163 1751 1222 1826 filii
1245 1751 1451 1830 honinorein
1458 1795 1591 1824 ......

353 1883 542 1979 †Siguum
566 1882 671 1956 crucis
695 1881 826 1978 pmprie
850 1903 965 1954 manns
988 1879 1170 1952 mamerano

877 2203 1066 2342 COCXhlV.

356 2528 387 2626 †
400 2525 444 2600 ΙΝ
458 2526 595 2600 Nomine
610 2522 733 2597 domini
747 2523 801 2596 dei
811 2521 977 2594 salvatoris
992 2524 1095 2594 nostri
1109 2522 1206 2595 lhesu
1220 2523 1338 2596 Christi
1355 2527 1534 2618 Imperante
1549 2529 1683 2600 domiuo
1780 2525 1843 2594 An.

263 2667 375 2730 nostro
398 2675 570 2726 tommano
590 2672 709 2746 magno
733 2651 930 2745 Imperatore
951 2667 1037 2720 anuo
1053 2648 1181 2742 primo:
1207 2650 1270 2720 Die
1286 2646 1420 2720 hoetuha
1438 2650 1558 2722 mensis
1573 2653 1683 2744 aprilis
1763 2659 1871 2720 totto.

263 2780 437 2852 indictione
459 2777 551 2850 tertia
574 2776 698 2849 decima
720 2774 870 2870 neapoli:
906 2776 1039 2849 Quum
1062 2783 1112 2846 est
1134 2772 1188 2846 me
1204 2775 1306 2848 maria
1322 2775 1456 2847 honusta
1479 2774 1599 2846 lamina
1617 2774 1683 2846 tilia

265 2906 431 3002 quondam
453 2905 577 2977 domiui
601 2902 746 2998 stephani
770 2903 810 2975 de
833 2912 924 2972 turre
947 2924 1010 2996 ego
1034 2873 1142 2974 antem
1161 2922 1237 2974 eum
1252 2901 1445 2974 eonsensum
1460 2911 1492 2972 et
1507 2900 1682 2976 volumtate

266 3030 408 3124 presenti
441 3027 564 3100 domiui
588 3025 724 3120 aligerni
746 3025 810 3097 viri
842 3025 932 3098 mei:
968 3027 998 3096 Α
1027 3028 1168 3122 presenti
1191 3027 1247 3098 die·
1267 3025 1484 3119 promtissima
1507 3023 1685 3096 volumtate

269 3153 463 3225 venumdedi
487 3165 520 3222 et
545 3152 662 3224 tradidi
687 3152 745 3223 tivi
770 3152 907 3224 domiuo
925 3154 1019 3226 leone
1041 3153 1220 3227 venerabili
1252 3153 1382 3225 huconi
1404 3133 1511 3224 sancte
1534 3151 1684 3246 neapoli-

269 3290 342 3350 tana
370 3277 500 3348 ecelesia
524 3276 593 3349 lilio
615 3278 781 3372 quondam
803 3277 948 3372 gregorii
970 3277 1133 3374 trippola:
1156 3282 1242 3352 idest
1263 3280 1421 3377 integram
1446 3303 1544 3352 ouum
1573 3281 1684 3349 corri-

257 3405 355 3498 giam
379 3407 420 3476 de
446 3419 529 3476 terra
553 3425 624 3476 mea
648 3428 713 3500 que
744 3405 930 3478 nominatur
952 3404 993 3476 ad
1017 3405 1108 3479 illam
1131 3405 1250 3479 lamam
1274 3408 1447 3479 constituta
1469 3407 1509 3478 in·
1529 3407 1602 3478 loeo
1626 3406 1685 3501 qui

267 3541 401 3604 vocatur
426 3545 533 3622 suptus
557 3533 713 3606 enhsuna
736 3555 816 3605 eum·
835 3533 959 3628 integra
982 3534 1153 3606 sedente
1177 3555 1257 3604 mea·
1274 3535 1315 3606 de
1339 3534 1485 3626 scapulas
1508 3549 1581 3604 sues
1615 3534 1687 3604 ihi-

268 3661 342 3733 dem
366 3662 400 3732 in
424 3661 543 3732 lamam
571 3675 678 3754 ruptus
701 3663 778 3732 raho
808 3669 902 3754 parte
928 3659 1134 3732 hoccidentis
1158 3660 1257 3734 simul
1280 3681 1357 3732 eum
1379 3659 1549 3732 arboribus
1572 3665 1605 3730 et
1630 3661 1688 3734 in-

267 3786 380 3858 troitus
415 3808 488 3856 suas
510 3787 553 3880 [et
575 3785 725 3864 omnibus
748 3787 810 3860 sivi
843 3787 1091 3884 pertinentibus.
1116 3789 1297 3882 pertinente
1319 3809 1400 3858 vero
1432 3789 1514 3862 mihi
1537 3809 1596 3878 per
1631 3811 1690 3880 pu·

268 3921 438 3983 uentorum
471 3931 639 3981 meorum:
662 3909 833 3982 coherente
856 3911 917 3982 sivi
941 3911 981 3982 ah
1004 3934 1072 3983 uuo
1096 3912 1194 3982 latere
1217 3920 1308 4004 parte
1331 3910 1487 3981 horientis
1510 3919 1596 3980 terra
1619 3933 1690 4002 que

269 4039 333 4110 fuit
355 4037 521 4132 quondam
555 4033 680 4107 domini
703 4037 861 4110 anastasio
892 4037 1039 4128 cacapiee
1062 4059 1129 4128 que
1152 4036 1252 4104 modo
1276 4037 1397 4108 detinet
1419 4037 1477 4108 ille
1500 4034 1629 4106 cusulo.
1657 4051 1691 4110 et

250 4189 313 4237 ex
337 4174 428 4258 parte
451 4164 567 4238 exinde
590 4164 725 4236 detinuit
747 4164 802 4234 ille
825 4171 1005 4252 uasugaetaa
1029 4159 1126 4230 uenti
1148 4161 1233 4234 iuter
1255 4184 1290 4231 se
1308 4161 1466 4234 termines·
1482 4163 1688 4238 exlinantet

270 4294 313 4368 de
338 4293 401 4364 alio
424 4293 524 4363 latere
547 4296 724 4360 memorata
746 4295 837 4380 parte
859 4283 1065 4380 ⁸houeideutis
1094 4285 1217 4396 intqua
1240 4285 1314 4358 sunt
1336 4287 1414 4381 ipsis
1436 4287 1574 4384 scapulis
1607 4313 1690 4386 quas

271 4420 343 4512 ipsa
356 4415 543 4490 'medietate
559 4434 632 4483 mea
650 4409 872 4504 tiaisuperius
886 4409 1081 4482 venumdedi
1105 4418 1153 4480 ost
1171 4420 1256 4481 terra
1271 4413 1458 4484 monasterii
1481 4414 1583 4486 saneti
1596 4437 1691 4486 mar-

272 4544 394 4616 cellini.
413 4553 446 4614 et
468 4543 504 4630 in
526 4539 726 4634 aliquantum
749 4547 836 4608 terra
856 4535 979 4610 domiui
1006 4535 1153 4610 iohannis
1168 4539 1319 4611 morfisa.
1336 4539 1377 4612 de
1390 4562 1459 4612 uno
1475 4541 1580 4636 eapite
1596 4549 1692 4635 parte

271 4671 510 4766 septemtrionis
533 4679 625 4742 terra
643 4666 832 4739 monasterii»
860 4674 967 4740 sanate
991 4667 1090 4737 marie
1114 4689 1179 4763 que
1203 4666 1382 4762 appellatur
1413 4670 1454 4742 ad
1476 4669 1685 4764 cementaria.

270 4807 308 4872 et
330 4799 372 4870 ad
394 4820 473 4872 vero
496 4799 564 4870 alio
582 4797 685 4894 eapite
707 4803 798 4892 parte
820 4795 994 4871 meridiana
1018 4802 1103 4868 terra
1125 4796 1166 4869 de
1189 4795 1376 4871 hominihus
1402 4797 1443 4870 de
1464 4796 1517 4870 sul
1532 4803 1566 4867 et
1583 4794 1691 4870 lunas·
