4888 6528
875 694 1021 792 (nos)

237 859 388 934 hobitum
411 853 534 932 ibidem
556 849 775 930 hordiueberu
796 851 912 928 toliere
935 863 992 929 sut
1013 876 1073 932 uos
1096 855 1214 932 exinde
1239 857 1321 932 toris
1343 859 1449 934 eicere
1472 857 1525 934 rel
1541 858 1661 936 isctrre

239 997 297 1064 sut
322 985 469 1088 quelibet
491 985 673 1062 sacerdotes
695 984 749 1058 vel
772 983 909 1058 clericus
932 1007 993 1058 nec
1016 986 1194 1061 mouschus
1216 997 1274 1060 eut
1296 988 1358 1060 slis
1374 987 1494 1086 'quubis
1510 1011 1665 1086 persouss

240 1114 363 1192 ibidem
387 1135 485 1210 super
507 1135 568 1186 uos
599 1133 722 1208 ponere
744 1133 805 1208 per
827 1111 953 1186 nullum
983 1112 1120 1188 modum
1150 1137 1211 1187 nec
1233 1137 1293 1210 per
1315 1116 1486 1189 summisse
1509 1139 1663 1212 personas

241 1239 345 1316 unctis
368 1235 484 1312 diehm
505 1236 574 1309 bite
596 1258 669 1310 mee
691 1244 765 1331 pust
787 1257 900 1310 meum
918 1233 1067 1310 hobitum
1084 1237 1285 1312 rehertsntur
1307 1247 1340 1311 et
1363 1240 1459 1314 sitin
1473 1248 1664 1337 potestatem

243 1365 285 1436 de
307 1371 486 1436 memorate
499 1383 637 1458 puseus
652 1383 718 1456 que
732 1381 795 1456 ego
809 1359 930 1434 ibidem
952 1359 1168 1436 herdiuebero
1189 1363 1263 1436 illut
1275 1363 1363 1440 teudi
1378 1372 1412 1438 et
1429 1364 1615 1442 dominandi
1629 1376 1664 1444 et
1817 1393 1829 1420 r

242 1488 378 1564 homnis
401 1495 580 1560 memorate
604 1483 741 1558 sseiendi
765 1493 799 1560 et
816 1481 1057 1578 percomplendi
1081 1483 1291 1580 perbordine
1312 1495 1346 1559 et
1359 1487 1484 1562 ratione
1498 1467 1664 1586 montedo
1768 1477 1771 1482 ’

244 1613 395 1710 superius
417 1611 536 1707 ltffl'fflf
558 1608 682 1682 cunetis
697 1605 818 1682 ‘diebus
842 1607 909 1678 vite
927 1629 986 1680 sue
1010 1615 1083 1700 post
1106 1607 1195 1680 enim
1209 1629 1306 1680 suum
1323 1609 1473 1684 hobitum
1492 1621 1571 1684 tune
1585 1635 1664 1688 ms-

242 1748 367 1814 morntt
398 1739 524 1834 integre
554 1737 705 1834 portione
728 1745 761 1808 et
782 1734 991 1832 pertinentius
1014 1742 1138 1806 uestros
1161 1735 1202 1806 de
1224 1745 1404 1808 memorate
1428 1735 1563 1810 melesio
1585 1759 1665 1814 cnut

242 1864 418 1940 homnibus
449 1861 635 1938 muneratis
668 1858 785 1932 exinde
807 1857 1004 1954 pertinentes
1031 1854 1270 1952 homnibusque
1293 1857 1341 1929 eis
1365 1856 1601 1952 pertinentibus
1624 1870 1663 1932 ut

244 2009 342 2085 super
373 1988 495 2088 legitur
522 1991 558 2062 iu
581 1997 686 2060 vestre
709 1985 890 2082 vetrhque
921 1981 1096 2057 heredibus
1120 1981 1322 2057 reberteutur
1344 1992 1378 2056 et
1399 1984 1451 2060 siu
1472 1992 1664 2080 potestatem

244 2119 348 2194 euiux
369 2115 442 2190 iure
465 2139 527 2192 ere
550 2115 707 2188 bidemiui
730 2133 831 2212 esque
854 2111 945 2186 omni
960 2109 1185 2184 minuitatem:
1210 2113 1434 2186 tantummodo
1449 2113 1477 2186 si
1492 2135 1574 2188 vero
1590 2136 1665 2188 mo·

244 2242 344 2318 bilem
366 2238 488 2314 ibidem
510 2239 685 2316 monum
718 2237 818 2312 tueris
840 2235 876 2310 iu
899 2259 958 2310 suu
980 2234 1032 2307 siu
1055 2244 1245 2329 poestetem
1269 2235 1409 2309 faciendi
1433 2260 1499 2332 que
1522 2240 1665 2314 voluerit

244 2371 274 2444 si
296 2379 407 2444 eutem
428 2366 630 2440 immobilem
662 2372 718 2432 eut
741 2363 840 2434 telem
862 2385 959 2434 ceusu
982 2385 1043 2456 pro
1072 2363 1322 2438 hornnmentum
1345 2365 1387 2438 de
1409 2374 1586 2440 memorate
1604 2389 1667 2438 ee·
1737 2435 1743 2442 .

247 2493 344 2567 cissis
364 2501 438 2587 post
460 2492 531 2562 eius
553 2487 703 2560 hobitum
734 2486 770 2556 iu
800 2495 980 2556 memoratu
1010 2487 1148 2558 ecclesie
1181 2511 1351 2561 remanere
1374 2489 1511 2566 debens:
1535 2491 1668 2588 iusuper

248 2615 399 2691 timeris
428 2612 510 2686 mihi
541 2618 579 2684 us
601 2607 775 2682 homnibus
805 2605 919 2680 diebus
952 2606 1114 2678 vite'mee
1138 2609 1234 2680 etde
1257 2610 1327 2703 ipsu
1350 2633 1489 2704 persons
1513 2637 1578 2708 que
1602 2635 1667 2709 ego

247 2739 370 2831 ibidem
393 2734 608 2810 hordiuebsro
638 2744 711 2830 pust
742 2755 854 2808 meum
876 2731 1027 2805 hobitum
1048 2753 1110 2806 ros
1131 2742 1164 2807 et
1186 2731 1362 2806 heredibus
1387 2737 1502 2807 restris
1523 2735 1565 2808 de
1589 2759 1667 2809 ms-

196 2897 199 2906 ’
248 2873 371 2940 morrtn
393 2864 542 2960 portione
565 2871 599 2938 et
617 2863 824 2958 pertinentiae
846 2871 968 2936 vestrm
987 2861 1029 2934 de
1052 2861 1381 2940 memonoeectesis
1397 2886 1472 2938 cum
1488 2863 1668 2939 homnibus

248 2993 434 3069 memoretis
457 2992 576 3068 exinde
598 2991 793 3087 pertinentes
815 3003 854 3066 ut
875 2989 1107 3086 supertegitur
1123 2989 1216 3062 uobis
1240 2991 1377 3089 desuper
1396 2991 1511 3068 tollere
1528 2993 1671 3068 debens

249 3121 425 3196 homnibus
456 3118 642 3193 bominibus
672 3119 732 3215 qui
762 3119 857 3194 uehis
880 3119 999 3193 exinde
1031 3116 1190 3214 quesieris
1213 3127 1247 3189 et
1270 3126 1306 3190 tu
1330 3128 1510 3192 memorato
1534 3121 1669 3194 domiuo

82 3244 86 3248 ’
252 3243 338 3341 sergi
361 3252 541 3319 memorato
564 3242 697 3316 donnm
710 3242 844 3318 iohenui
859 3265 1014 3340 germem
1035 3253 1094 3318 tuo
1110 3251 1144 3315 et
1158 3245 1226 3317 suis
1241 3241 1415 3317 heredibus
1438 3243 1561 3316 nuliam
1576 3243 1671 3318 nobis

252 3363 371 3438 exinde
401 3365 569 3440 mioteutoe
599 3365 869 3440 hocceusiouem:
903 3375 952 3439 set
983 3365 1052 3462 ipse
1075 3367 1268 3463 sepulturies
1292 3366 1439 3462 proprius
1461 3374 1585 3439 vostras
1607 3389 1675 3462 que

231 3485 378 3562 hebetis
407 3488 443 3560 iu
474 3498 651 3562 memorate
682 3486 816 3560 ecclesie
847 3489 883 3560 iu
915 3499 1023 3564 rmus
1055 3488 1235 3586 verbisque
1263 3487 1438 3561 heredibus
1464 3486 1676 3562 rescrbrstitis

251 3620 443 3706 potestatem
469 3632 599 3708 queque
630 3609 747 3684 exinde
780 3612 886 3683 heere
912 3609 1081 3718 volueritis
1114 3621 1148 3682 et
1180 3611 1387 3706 corpusculus
1418 3609 1541 3683 ibidem
1564 3609 1677 3707 sepel-
1832 3652 1836 3662 ·

252 3743 351 3816 lieudi
374 3739 443 3814 sibe
466 3741 600 3812 maioris
623 3737 676 3813 uel
700 3738 835 3814 minoris
858 3737 988 3836 quermo
1012 3738 1105 3810 vohis
1121 3758 1290 3812 necessum
1307 3736 1409 3812 fueris
1426 3735 1505 3832 quis
1520 3735 1567 3808 itu
1583 3736 1677 3820 uobis

254 3864 341 3938 stetit
362 3871 396 3934 et
416 3845 632 3958 complacuit:
669 3862 704 3934 Si
736 3871 846 3937 sutem
869 3861 963 3936 aliter
986 3862 1158 3938 fecerimus
1181 3862 1223 3934 de
1246 3861 1275 3932 is
1294 3859 1470 3934 homnibus
1489 3859 1678 3934 memoretis

256 4011 315 4086 per
337 3989 454 4086 quubis
476 3991 611 4064 modum
634 3999 690 4062 rut
711 3991 883 4064 summisse
905 3989 1050 4082 personis
1072 3997 1152 4062 tuuc
1175 4009 1338 4082 compono
1360 3963 1424 4082 ego
1446 3994 1480 4056 et
1501 3984 1682 4060 heredibus

256 4117 339 4192 meis
368 4116 463 4188 vobis
492 4117 670 4212 vestrisque
700 4115 873 4189 heredibus
906 4111 979 4184 euri
1007 4111 1129 4185 solidos
1155 4113 1287 4208 triginta
1310 4106 1559 4207 hytbiuuteos†
1583 4118 1615 4182 et
1639 4132 1677 4190 eo

133 4325 138 4331 ⁴
258 4235 403 4312 cbmtrdu
433 4235 668 4310 burdiuetiouis
700 4243 746 4308 ut·
768 4257 868 4330 super
896 4231 1019 4332 iegitur
1048 4233 1090 4308 sit
1112 4231 1206 4306 firme
1229 4231 1348 4328 scripte
1372 4253 1433 4329 per
1455 4251 1573 4306 munus
1594 4253 1677 4328 grs-
1744 4304 1753 4330 ,

259 4365 332 4462 pori
354 4364 485 4440 curiebs
507 4385 567 4460 per
588 4367 768 4436 memoratu
790 4360 963 4438 υηᾶωίωα
985 4361 1160 4438 indictione
1184 4361 1217 4459 †

354 4495 388 4593 †
411 4515 474 4590 ego
496 4491 637 4567 netum
659 4489 828 4588 presbyter
849 4489 1024 4586 subscripsi
1044 4491 1077 4588 †

355 4616 387 4713 †
410 4640 473 4715 opu
496 4618 640 4692 morium
661 4615 750 4692 tilius
773 4617 899 4692 domiui
921 4617 1021 4712 sergii
1042 4618 1116 4690 testi
1140 4617 1317 4713 subscripsi
1340 4617 1372 4713 †

357 4741 475 4840 †ego
497 4752 609 4840 potrus
631 4743 716 4818 iiim
738 4743 864 4818 domiui
887 4741 1036 4818 iohannis
1058 4745 1132 4818 testi
1155 4744 1331 4840 subscripsi
1354 4741 1385 4837 †

354 4871 473 4974 ‘bego
494 4857 665 4968 meporius
688 4871 774 4946 ttm
798 4871 924 4946 domiui
946 4875 1030 4970 petri
1053 4871 1127 4946 testi
1150 4866 1327 4968 subscripsi
1351 4867 1383 4965 †

252 5000 255 5006 ’
355 4997 481 5096 ῒΕεο
503 4999 674 5098 &mosius
696 4999 835 5104 Christis
857 5000 1027 5098 complevi
1042 5009 1076 5076 et
1093 4999 1216 5073 absolui
1232 5020 1292 5094 per
1309 5004 1489 5074 memorate
1512 4993 1683 5070 undecim

268 5123 444 5200 indictione
465 5125 498 5224 †

370 5252 435 5326 i'oi.
458 5253 478 5326 1
483 5254 519 5328 V.
1286 5257 1329 5322 ῃ
