4888 6528
863 565 1011 668 (trs)

855 845 1033 926 GCCXXV.

322 1119 414 1216 †ln
445 1116 578 1188 nomine
608 1109 733 1188 domini
763 1115 815 1188 dei
846 1113 1014 1187 salvatoris
1045 1113 1148 1194 uosbi
1180 1111 1276 1187 hese
1307 1111 1444 1187 Christi:
1473 1114 1653 1210 Imperante
1702 1139 1709 1146 ·
1747 1127 1810 1196 An.

228 1248 360 1321 domino
391 1255 502 1318 nostro
535 1241 650 1316 basilio
682 1261 801 1339 magno
833 1241 1030 1339 Imperatore
1061 1262 1147 1321 anuo
1181 1244 1382 1340 sexagesimo
1422 1241 1515 1316 tertio
1543 1243 1607 1318 sed
1623 1256 1655 1317 et
1729 1263 1837 1327 1023.

232 1375 432 1449 comtentino
455 1374 554 1445 trater
577 1372 647 1444 eius
670 1391 788 1465 magno
820 1369 1016 1462 imperatore
1041 1391 1127 1458 anno
1156 1373 1382 1466 sexagesimo:
1417 1373 1469 1446 die
1502 1372 1653 1446 vicesima

230 1505 349 1580 mamis
372 1503 456 1576 iunii
480 1501 656 1574 indictione
678 1506 778 1574 sexta,
791 1497 940 1590 neapoli:
967 1497 1099 1570 Certum
1123 1505 1171 1570 est
1193 1520 1247 1570 ma
1270 1511 1365 1592 petro
1390 1505 1448 1594 qui
1466 1504 1653 1574 nominatur

231 1630 367 1726 reppulo
391 1627 460 1702 lilio
484 1626 649 1724 quendem
671 1625 752 1698 voni
775 1623 914 1695 obitam
945 1623 981 1694 in
1004 1622 1079 1696 loco
1104 1621 1163 1718 qui
1184 1611 1321 1695 vocatur
1357 1626 1540 1696 minianum
1573 1629 1654 1700 foris

229 1755 397 1827 labeum
423 1750 617 1846 Apresenti
641 1749 693 1823 die
716 1745 934 1843 promtissima
949 1749 1128 1822 volumtate
1142 1749 1298 1846 promitto
1313 1748 1409 1821 vobis
1422 1747 1556 1820 domiuo
1571 1772 1653 1844 pan-

231 1881 312 1952 crati
336 1877 514 1951 venerabili
537 1877 695 1974 igumeno
717 1875 903 1947 mensurii
926 1883 1112 1948 sanctorum
1135 1876 1234 1972 sergii
1269 1883 1302 1947 et
1334 1876 1460 1948 bachii:
1484 1877 1543 1974 qui
1566 1899 1653 1950 nune

229 2009 442 2098 congregatus
465 2003 570 2074 estin
598 1991 794 2072 monasterio
822 2008 1007 2072 sanctorum
1038 1997 1184 2074 theodori
1216 2011 1249 2073 et
1279 2001 1446 2074 sebastiani
1471 1999 1530 2095 qui
1552 2002 1654 2096 alpel-

130 2147 140 2174 ⁹
229 2134 314 2204 latur
345 2128 502 2224 cmapicte
536 2129 636 2200 situm
669 2127 704 2198 in
733 2125 964 2198 viridiarium:
991 2136 1025 2198 et
1048 2133 1080 2198 at
1103 2134 1199 2200 cunta
1221 2135 1311 2199 santa
1336 2135 1368 2200 et
1391 2129 1566 2200 venerabili
1588 2153 1652 2202 vc-
1742 2208 1743 2212 Ἰ

228 2257 294 2326 stre
324 2249 574 2346 congregatione
603 2246 839 2321 marahorum
862 2249 1033 2320 memorati
1056 2249 1156 2322 murti
1180 2259 1213 2324 ct
1236 2249 1427 2322 venerabilis
1450 2252 1550 2322 vestri
1574 2273 1653 2322 rno-

228 2380 388 2455 nmterii:
421 2385 554 2471 propter
585 2397 650 2450 una
678 2383 765 2446 terra
796 2385 904 2449 vestre
939 2397 1004 2468 que
1035 2377 1135 2449 abetis
1168 2379 1204 2450 in
1238 2379 1332 2452 illum
1361 2389 1474 2452 monte
1499 2378 1657 2452 hestrum

230 2507 291 2602 qui
322 2514 371 2577 est
405 2504 440 2574 iu
475 2508 585 2575 monte
620 2499 784 2572 beeubeo:
822 2521 887 2571 unc
922 2521 998 2572 omn
1032 2501 1202 2574 arvoribus
1235 2512 1269 2573 et
1292 2502 1463 2597 introitum
1494 2523 1590 2574 suum
1622 2511 1656 2574 et

231 2628 384 2703 omnihus
407 2627 470 2700 sivi
494 2623 752 2722 pertinentibusa
778 2625 951 2700 coherente
980 2624 1043 2699 sivi
1066 2625 1107 2698 ab
1133 2643 1202 2697 amo
1225 2623 1323 2696 latere
1347 2633 1396 2696 est
1419 2645 1569 2718 campum
1593 2624 1657 2696 be·

229 2767 336 2832 suum
359 2755 441 2828 luris
465 2753 634 2827 memorati
657 2754 758 2827 souott
775 2733 873 2828 'court
895 2755 1075 2828 monosterii
1107 2775 1173 2851 que
1200 2753 1323 2826 laverat
1354 2751 1494 2824 iohanne
1517 2752 1657 2847 presby-

230 2887 302 2950 tero
326 2879 394 2952 tilio
417 2878 564 2975 stephani
586 2877 788 2973 presbyteri:
814 2877 909 2950 sicuti
932 2877 1016 2952 inter
1039 2899 1073 2951 se
1081 2925 1353 2950 ............
1383 2886 1468 2948 terre
1491 2877 1658 2973 quomodo

230 3031 331 3104 equas
354 3011 502 3082 exhuatc
529 3019 563 3082 et
585 3009 620 3079 in
643 3007 746 3102 capite
771 3030 814 3081 ex
835 3008 906 3102 ipso
929 3008 1001 3081 ribo
1023 3016 1131 3082 vestro
1154 3013 1202 3078 est
1224 3007 1345 3080 iterum
1368 3015 1455 3078 terra
1469 3013 1574 3078 vestra
1588 3027 1659 3080 me·

230 3137 355 3208 morali
385 3137 485 3208 vestri
515 3135 700 3207 monasterii
733 3159 798 3232 que
836 3137 961 3210 lavorat
997 3144 1176 3210 memorato
1214 3135 1354 3216 iohanne
1377 3137 1590 3234 presbytero:
1626 3145 1659 3209 et

232 3264 276 3336 de
302 3262 365 3334 alia
389 3269 482 3358 parte
504 3258 552 3333 es't
576 3261 629 3332 via
653 3263 711 3358 qui
734 3237 822 3337 badit
849 3286 908 3360 per
930 3271 1016 3339 terra
1037 3274 1145 3340 vestra
1174 3265 1343 3338 memorati
1374 3265 1474 3337 vestri
1498 3273 1659 3336 mrsnasto-

231 3389 277 3460 rii
300 3387 358 3482 qui
382 3387 546 3458 descendit
567 3391 636 3481 ipsa
668 3389 722 3460 via
750 3399 783 3460 at
811 3391 968 3460 nonnaria
992 3397 1025 3462 et
1048 3389 1121 3462 salit
1146 3391 1259 3462 eadem
1277 3389 1450 3485 visusque
1473 3398 1506 3458 at
1529 3387 1661 3460 ecclesie

230 3511 358 3586 domiui
383 3519 416 3584 et
438 3511 626 3583 salvatoris:
655 3512 695 3582 de
718 3533 785 3583 uno
808 3514 912 3606 capita
936 3521 1068 3607 aparte
1092 3513 1133 3586 de
1157 3514 1271 3586 subtus
1300 3515 1466 3610 quomodo
1499 3513 1661 3586 descendit

228 3643 304 3735 ipsa
327 3647 411 3710 terra
420 3685 642 3712 ..........
657 3638 713 3710 de
736 3637 830 3710 illum
854 3637 1020 3710 coniolum
1044 3639 1102 3736 qui
1126 3639 1244 3712 dicitur
1266 3661 1447 3712 mercum:
1475 3649 1507 3708 et
1531 3641 1571 3711 de
1596 3640 1659 3710 alio

229 3765 338 3860 capite
363 3785 383 3834 a
407 3769 497 3857 parte
520 3759 562 3832 de
584 3777 682 3858 supra
704 3771 753 3834 cst
780 3769 867 3834 terra
897 3771 1004 3836 vestra
1040 3765 1213 3836 memorati
1245 3765 1344 3838 vestri
1375 3763 1562 3837 monasterii
1595 3785 1660 3858 que

229 3892 272 3963 in
307 3901 413 3962 vestra
443 3889 656 3961 reservastitis
678 3896 889 3982 potestatem:
915 3909 997 3984 quas
1019 3911 1099 3962 vero
1122 3899 1300 3962 memorata
1325 3901 1411 3963 terra
1443 3901 1548 3962 vestra
1579 3911 1662 3981 qua-

229 4021 310 4092 liter
332 4041 391 4116 per
416 4024 605 4088 memoratas
628 4014 828 4087 coherentias
860 4035 916 4086 eos
943 4017 1211 4112 exegregavimus
1244 4017 1329 4089 iuris
1358 4017 1532 4090 memorati
1563 4015 1662 4085 vestri

91 4125 94 4131 ¹
231 4139 429 4220 monasterii
461 4141 556 4213 sicuti
589 4149 622 4212 et
653 4139 819 4236 monsedo
854 4139 927 4213 illut
962 4140 1105 4211 conduct
1139 4139 1323 4214 tirmhsima
1351 4139 1498 4214 chartula
1533 4139 1661 4214 securi-

231 4273 311 4344 tatis
334 4277 441 4344 vestra
465 4289 530 4362 que
554 4267 595 4340 de
617 4268 723 4360 ipsum
739 4274 848 4337 monte
862 4276 896 4338 et
914 4265 1008 4340 terris
1024 4267 1145 4342 beda:
1167 4268 1262 4342 nob'm
1279 4270 1464 4368 nostrisque
1488 4268 1660 4344 heredibus

233 4396 370 4472 dedistis
393 4403 425 4466 at
447 4393 662 4466 lavorandum
686 4401 719 4463 at
741 4390 969 4464 uouendum:
996 4393 1093 4464 etiam
1117 4404 1150 4466 et
1172 4393 1320 4468 inclitum
1342 4397 1438 4470 illum
1470 4397 1659 4470 insertarum

231 4525 385 4596 bostrum
408 4545 473 4615 que
497 4519 618 4592 ibidem
641 4519 676 4592 in
700 4519 777 4615 ipsis
801 4519 896 4592 terris
919 4519 1035 4592 vestris
1054 4525 1087 4591 et
1102 4521 1136 4594 in
1152 4521 1259 4616 ipsum
1274 4533 1382 4595 monte
1396 4531 1541 4594 vestrum
1559 4519 1660 4592 abetis
1718 4573 1720 4576 -

235 4649 276 4720 in
293 4657 401 4718 vestra
416 4645 586 4718 memorati
601 4647 701 4720 vestri
716 4645 901 4718 monasterii
925 4647 1133 4722 reservastitis
1156 4657 1343 4743 potestatem
1360 4673 1369 4720 r
1394 4647 1428 4721 in
1441 4671 1481 4720 eo
1496 4655 1605 4719 tenore
1623 4661 1660 4721 ut

233 4781 417 4845 memorata
433 4781 519 4844 terra
535 4787 641 4846 vestra
656 4773 794 4869 qualiter
808 4795 866 4868 per
881 4775 960 4846 lines
977 4784 1208 4870 exegregatum
1231 4783 1280 4848 est
1302 4785 1340 4848 ut
1363 4797 1460 4872 super
1482 4773 1602 4871 legitur
1624 4777 1659 4848 in

237 4919 318 4972 mea
336 4899 483 4998 meisque
505 4897 676 4972 heredibus
701 4899 766 4973 sint
788 4903 942 4995 potestate
970 4899 1084 4973 obeo&
1107 4910 1140 4974 et
1162 4901 1348 4977 dominandi
1371 4925 1463 4978 soum
1493 4903 1660 4977 lavorandi
