4896 6522
1417 553 1432 650 l
1454 557 1499 624 ⁴2
1523 551 1537 648 l

772 716 847 790 dedi
869 723 903 790 et
924 717 994 813 ipss
1016 722 1103 788 terra
1125 733 1299 788 eommune
1328 710 1403 784 linis
1433 705 1530 778 habet
1560 703 1626 776 hab
1648 727 1716 778 nno
1739 703 1839 776 latere
1862 705 1927 780 line
1951 715 2037 780 terra
2070 713 2112 784 de
2135 717 2193 787 lilii

703 829 708 841 ”
772 837 905 914 landolfi
915 833 1195 932 iusoilangobardi
1205 856 1274 906 nnu
1283 831 1387 925 eapite
1401 827 1465 900 line
1479 835 1566 899 terra
1580 826 1788 921 suprascripti
1803 829 1988 926 manrilupi.
1997 833 2076 904 allia
2092 839 2196 932 eapite

774 972 861 1038 tenet
883 963 919 1036 in
941 973 1030 1038 terra
1052 961 1154 1058 ipsim
1177 959 1291 1034 stefani
1314 953 1508 1028 ursimundi.
1533 954 1631 1024 Sexta
1654 953 1741 1045 petia
1765 951 1806 1024 de
1830 963 1918 1026 terra
1941 981 2007 1052 que
2021 957 2142 1032 dieitur
2157 965 2191 1034 in

775 1093 878 1168 emole
892 1091 983 1166 ianni
997 1091 1069 1163 finis
1083 1087 1180 1160 habet
1194 1084 1259 1156 hah
1275 1105 1344 1154 unu
1366 1081 1467 1152 latere
1481 1078 1546 1150 line
1561 1085 1649 1148 terra
1666 1079 1878 1173 suprascripti
1901 1083 2095 1175 pandonolfi.¹
2116 1085 2195 1164 Alia

776 1215 876 1286 latere
899 1213 963 1284 tine
986 1220 1072 1280 terra
1094 1209 1137 1278 do
1153 1201 1359 1300 neapolitani.
1378 1202 1454 1274 Unn
1469 1201 1575 1296 capite
1592 1201 1655 1274 fine
1669 1199 1723 1270 hia
1736 1201 1898 1294 puhblioa.
1922 1205 2000 1276 Aliu
2015 1207 2116 1302 capite
2130 1209 2195 1282 hae
2322 1273 2331 1286 .

775 1343 956 1433 pantanum
990 1333 1135 1428 Septima
1166 1333 1254 1428 petia
1278 1330 1389 1427 ibique
1412 1329 1449 1404 in
1471 1328 1574 1403 casale
1596 1328 1734 1400 iohanni
1762 1339 1829 1425 q'ue
1860 1339 1909 1402 est
1932 1319 2085 1404 eoniunta
2119 1355 2194 1406 enm

709 1555 713 1568 Ι
774 1473 860 1537 terra
883 1485 950 1560 qne
972 1461 1093 1534 tultum
1119 1482 1178 1554 per
1201 1457 1366 1533 oamhium
1389 1455 1486 1531 hahet
1501 1458 1542 1530 da
1557 1455 1644 1528 dioto
1664 1455 1787 1534 steiano
1801 1457 1996 1530 ursimundi.
2012 1459 2086 1532 finls
2102 1459 2196 1530 habet

774 1587 839 1660 bah
861 1606 929 1658 uno
951 1583 1054 1654 latere
1077 1583 1142 1656 fine
1167 1591 1252 1654 terra
1277 1579 1318 1652 de
1341 1579 1406 1674 ipsi
1429 1580 1635 1676 neapolitani.
1659 1580 1735 1650 Unu
1758 1577 1863 1672 capite
1888 1581 1952 1652 fine
1975 1589 2063 1650 terra
2086 1581 2127 1652 de
2148 1579 2196 1652 illi

776 1710 910 1788 oeritmi
926 1709 1004 1782 dliu
1022 1709 1127 1804 capite
1140 1707 1205 1780 fine
1219 1708 1434 1803 suprascripta
1455 1701 1510 1778 hia
1534 1706 1630 1778 sicuti
1645 1707 1729 1799 sepis
1744 1707 1873 1778 enlinat.
1889 1705 1933 1776 Et
1946 1704 2014 1800 ipsa
2030 1714 2117 1778 terra
2133 1729 2196 1802 que

778 1837 973 1910 cambiatum
988 1833 1146 1908 habuerat
1160 1857 1236 1907 oum
1251 1835 1504 1929 supmsoriptmn
1519 1835 1678 1904 stefanum
1694 1831 1793 1904 habet
1807 1833 1887 1904 linis
1905 1829 1980 1901 Alio
1996 1832 2094 1903 latere
2111 1841 2199 1906 terra

779 1961 909 2036 landolfi
933 1961 1002 2034 lilio
1025 1959 1156 2032 landolfi
1169 1959 1359 2058 langobardi
1383 1961 1423 2034 da
1439 1984 1509 2034 unu
1525 1961 1629 2054 capite
1651 1959 1716 2030 fine
1729 1969 1815 2032 terra
1838 1959 1878 2030 de
1892 1959 2035 2032 iamdicti
2051 1961 2195 2034 earitusi.

639 2137 643 2144 -
779 2083 856 2158 etia
880 2083 983 2179 capite
998 2084 1063 2157 fine
1086 2075 1315 2179 sopras'oripta'
1329 2081 1393 2154 hia.
1416 2081 1562 2152 Hoelaha
1585 2083 1670 2176 petia
1685 2079 1726 2152 de
1741 2092 1825 2152 terra
1839 2105 1904 2175 que
1919 2079 2035 2152 dicitnr
2048 2084 2198 2156 domezze

779 2207 876 2280 habel
900 2205 973 2282 linis
995 2205 1060 2277 hah
1083 2227 1150 2279 uno
1183 2203 1284 2276 tatere
1316 2203 1381 2274 fine
1404 2213 1492 2275 terra
1515 2201 1594 2274 dicti
1617 2201 1750 2278 landolfi
1775 2201 1973 2297 langobardi.
1999 2202 2196 2276 thelame

779 2339 867 2406 tenet
889 2333 924 2404 in
948 2341 1034 2406 terra
1058 2333 1099 2404 de
1122 2331 1190 2404 illio
1212 2329 1345 2402 landolfi
1366 2330 1449 2402 fusci
1472 2330 1618 2424 capuani.
1643 2331 1719 2401 Unu
1741 2332 1845 2424 eapite
1860 2339 1947 2402 tenet
1973 2331 2004 2402 in
2028 2342 2111 2404 terra
2127 2335 2196 2406 ursi

778 2456 903 2530 rallidei
926 2458 967 2531 de
989 2457 1145 2551 lucupuli.
1167 2455 1245 2530 Ah‘u
1277 2456 1382 2551 eapite
1414 2443 1502 2528 tedet
1524 2459 1562 2528 in
1583 2469 1669 2529 terra
1692 2457 1841 2530 iamdicto
1865 2461 2017 2532 merendo
2040 2483 2195 2557 capuana.

779 2582 872 2654 Nona
894 2581 981 2675 petia
1005 2583 1045 2653 de
1070 2591 1156 2654 terra
1178 2605 1245 2678 quo
1267 2581 1404 2656 hooatur
1418 2583 1567 2658 similiter
1590 2585 1761 2656 domnezae
1777 2584 1858 2656 'finis
1873 2585 1971 2657 hahet
1985 2587 2048 2658 hab
2063 2611 2129 2661 uno
2144 2591 2197 2662 la-

667 2687 669 2696 *
779 2717 848 2781 tere
872 2709 935 2780 fine
959 2717 1046 2782 terra
1070 2712 1110 2784 do
1132 2711 1242 2806 ipsum
1274 2733 1427 2783 maurum
1460 2711 1500 2783 de
1524 2711 1681 2806 lucupuli.
1713 2711 1791 2782 Atta
1813 2711 1919 2782 latere
1943 2722 2029 2784 tenet
2052 2713 2087 2786 in
2111 2723 2198 2786 terra

781 2831 958 2924 supradicti
981 2833 1095 2905 stefani
1120 2833 1312 2906 ureimnndr'.
1336 2834 1411 2908 Unu
1427 2835 1532 2929 eapite
1554 2841 1643 2905 tenet
1664 2833 1700 2906 in
1724 2843 1810 2906 terra
1825 2835 1865 2908 de
1879 2834 1929 2906 illi
1945 2835 2093 2908 morlisei.
2117 2837 2197 2912 Aliu

781 2951 885 3044 eapite
904 2961 990 3026 tenet
1003 2953 1039 3024 in
1050 2965 1140 3026 terra
1162 2955 1315 3028 iamdicto
1332 2955 1486 3028 merendo
1500 2977 1654 3049 capuano.
1679 2955 1812 3026 Decima
1827 2957 1911 3052 petia
1927 2957 1966 3028 do
1981 2967 2066 3029 terra
2081 2961 2199 3032 nomi-

780 3082 876 3146 natur
891 3077 1024 3150 mandra
1039 3075 1233 3173 haoeprandi
1246 3077 1344 3150 habet
1364 3077 1437 3150 finis
1451 3077 1515 3149 hah
1530 3097 1598 3149 uno
1612 3076 1712 3148 latero
1734 3087 1821 3150 tenet
1836 3079 1871 3152 in
1885 3089 1970 3177 terra
1984 3082 2199 3176 suprascripte
2249 3057 2263 3076 ⁵

780 3204 932 3276 menende
949 3227 1091 3298 capuana
1108 3213 1141 3275 et
1154 3207 1361 3302 suprascripti
1375 3205 1549 3290 landenolfi
1555 3203 1690 3300 capuani
1702 3204 1901 3300 longobardi.
1913 3207 2099 3300 Unueapite
2113 3215 2199 3284 tenet

780 3327 817 3402 in
841 3338 929 3400 terra
952 3331 992 3401 de
1015 3331 1077 3402 lilii
1101 3331 1238 3424 aligerni
1261 3334 1302 3404 de
1325 3333 1457 3428 oppium
1480 3332 1558 3404 Aliu
1581 3332 1683 3426 capite
1706 3341 1793 3407 tenet
1814 3331 1952 3406 interra
1968 3336 2008 3407 de
2023 3334 2083 3409 fibi
2098 3335 2197 3430 sergii

778 3447 930 3520 mortisia
954 3449 1030 3520 ldeo
1054 3449 1203 3524 iamdicto
1226 3451 1339 3526 decem
1370 3452 1456 3546 petie
1487 3451 1528 3525 do
1551 3453 1646 3526 terris
1669 3453 1807 3550 qualiter
1834 3439 2045 3550 supernato
2069 3457 2133 3531 fine
2158 3458 2197 3532 in
2282 3449 2292 3516 s
2434 3439 2435 3442 ¹

781 3575 847 3646 fine
871 3574 1009 3685 indicate
1033 3585 1066 3647 et
1089 3586 1272 3652 mensurato
1294 3587 1379 3651 sunt.
1404 3601 1470 3652 una
1494 3601 1570 3652 eum
1594 3583 1724 3654 arbores
1747 3591 1780 3652 et
1803 3593 1879 3656 eum
1902 3580 2012 3654 omnia
2036 3581 2083 3656 ibi
2104 3583 2191 3656 intro

781 3699 975 3776 habentibus
1006 3704 1117 3776 subter
1148 3705 1201 3778 rel
1231 3727 1327 3802 super
1360 3715 1393 3778 et
1421 3708 1583 3782 cambiis
1607 3711 1674 3782 suis
1698 3710 1819 3784 ibidem
1841 3711 1984 3784 intrandi
2007 3719 2040 3785 et
2063 3709 2193 3784 exiendi

781 3822 903 3896 Cende
927 3835 959 3898 et
980 3827 1105 3922 integre
1121 3826 1272 3902 iamdicto
1295 3853 1353 3926 per
1376 3829 1449 3904 finis
1473 3831 1611 3905 indicate
1635 3833 1745 3924 decem
1767 3813 1853 3929 petie
1878 3835 1919 3907 de
1942 3835 2035 3906 terris
2057 3857 2119 3929 ego
2134 3837 2192 3930 qui

778 3971 876 4048 supra
899 3953 1005 4028 allano
1030 3979 1174 4052 capuano
1188 3957 1395 4053 langobardo
1411 3958 1470 4036 tibi
1493 3958 1560 4034 iam
1583 3961 1741 4034 nominati
1763 3959 1860 4055 ligeri
1890 3959 2086 4055 neapolitani
2108 3943 2197 4054 ipsos

780 4077 983 4154 benumdedi.
1007 4083 1058 4156 Ad
1089 4087 1322 4178 possessionem
1353 4097 1442 4160 tuam
1465 4095 1499 4160 et
1522 4087 1562 4160 de
1585 4088 1649 4160 tuis
1671 4088 1843 4162 heredibus
1866 4087 2007 4160 habendi
2030 4097 2063 4160 et
2087 4087 2196 4182 possi·

781 4199 877 4272 dendi
901 4213 934 4273 et
956 4203 1093 4279 faciendi
1117 4205 1232 4278 exinde
1256 4207 1367 4280 omnia
1390 4181 1456 4304 {pue
1479 4207 1573 4284 robis
1596 4209 1753 4304 placuerit
1777 4209 1817 4284 de
1840 4209 2043 4316 mbasmipte
2066 4207 2138 4282 finis
2163 4217 2196 4280 et

781 4321 1028 4428 iudicationihue
1055 4327 1094 4400 de
1118 4327 1268 4404 iamdicto
1290 4327 1406 4406 decem
1429 4331 1520 4427 petie
1542 4331 1583 4406 de
1607 4333 1701 4406 terris
1725 4357 1790 4430 que
1814 4333 1874 4406 tibi
1889 4332 2033 4432 superius
2048 4330 2198 4406 benum·

782 4445 858 4522 dedi
880 4471 940 4522 neo
962 4448 1044 4524 mihi
1067 4451 1125 4548 qui
1149 4475 1246 4547 super
1268 4451 1428 4528 henditori
1451 4475 1512 4528 nee
1535 4451 1717 4530 alieuillbet
1737 4456 1855 4532 exinde
1877 4454 1999 4530 nullam
2012 4453 2188 4528 resorbehi.

693 4601 696 4607 ·
780 4571 836 4644 set
861 4583 975 4648 ennete
998 4586 1031 4648 et
1054 4577 1178 4674 integre
1201 4578 1351 4654 iamdicto
1375 4604 1432 4677 per
1451 4582 1533 4656 lines
1557 4579 1696 4654 indicate
1719 4584 1832 4658 deoem
1854 4584 1940 4680 petie
1964 4585 2004 4658 de
2020 4583 2115 4656 terris
2131 4582 2192 4654 tlbi

756 4695 838 4792 ‘qui
861 4718 958 4793 supra
982 4699 1081 4796 ligeri
1104 4703 1296 4796 neapolitani
1320 4703 1397 4797 ipsis
1420 4703 1617 4778 benumdedi
1639 4727 1698 4801 per
1722 4705 1940 4800 ipea'ratione
1964 4731 2029 4808 que
2045 4707 2195 4806 superius

782 4820 908 4920 legitur.
940 4826 983 4898 Et
1015 4849 1073 4925 per
1097 4829 1289 4930 ¹supradicta
1315 4841 1388 4908 mea
1419 4827 1606 4910 banditione
1638 4834 1808 4914 menilerto
1830 4857 1905 4913 sum
1928 4859 1992 4937 ego
2015 4838 2074 4938 qui
2096 4855 2194 4932 supra
