4888 6528
642 1035 705 1105 An.

623 1171 739 1233 ¹020..

1440 546 1452 634 (
1481 541 1582 637 rto)

1425 821 1570 894 dccxv.

886 1090 916 1184 †
940 1093 976 1162 in
1000 1089 1131 1161 nomine
1155 1085 1278 1160 domini
1301 1083 1398 1156 Anno
1421 1080 1584 1154 tricesimo
1608 1081 1705 1152 tertio
1729 1083 1938 1179 principatus.
1958 1089 2080 1162 domini
2104 1095 2209 1164 nostri

792 1213 962 1310 guaimari.
997 1222 1029 1284 et
1060 1212 1157 1284 tertio
1190 1231 1274 1282 enno
1308 1207 1515 1305 principntns.
1543 1207 1668 1278 domim
1692 1211 1853 1302 guaimari
1881 1213 1951 1284 eius
1976 1213 2036 1286 fiiii
2060 1214 2211 1309 gloriosis

752 1413 764 1431 .
791 1341 989 1439 principibus
1013 1361 1122 1412 mense
1146 1338 1329 1411 boetubrio.
1354 1345 1469 1432 qnertn
1492 1333 1678 1422 indictione.
1695 1337 1837 1435 Ideoque
1858 1363 1923 1435 ego
1939 1342 2101 1414 maraldus
2125 1343 2209 1416 ffljffi

792 1466 926 1540 iohanni
957 1463 1138 1559 presbyteri
1171 1463 1212 1535 de
1244 1461 1318 1532 loco
1350 1461 1439 1532 vietn
1474 1459 1632 1533 lauritone
1671 1461 1790 1534 finibus
1813 1465 1892 1536 dnm
1917 1463 1998 1538 mibi
2029 1488 2208 1562 congruum

790 1611 860 1662 esse
882 1589 1013 1659 bidetnr
1036 1586 1121 1655 bone
1144 1583 1265 1654 etenim
1288 1605 1361 1652 mee
1383 1581 1549 1654 boluntete
1565 1593 1640 1656 ente
1655 1583 1850 1678 susbscriptos
1867 1599 1970 1660 testes.
1996 1611 2054 1682 per
2073 1589 2207 1662 berbnm

794 1727 826 1786 et
850 1713 1050 1786 absolutione
1072 1711 1256 1805 supradicti.
1272 1709 1410 1804 genitori
1426 1712 1492 1782 mei
1509 1711 1621 1807 ibique
1636 1711 1731 1784 illum
1747 1721 1878 1786 retente.
1904 1715 1965 1784 Per
1980 1713 2064 1786 benc
2079 1739 2207 1810 quoqne

791 1845 942 1918 videficet
973 1851 1092 1913 certem
1125 1839 1279 1938 promitto
1311 1838 1447 1912 firmiter
1479 1839 1721 1913 comtnbiiisoor
1756 1839 1816 1912 fibi
1848 1842 1994 1936 stepbeni
2020 1842 2209 1915 benerebilis

794 1973 890 2043 ebbes
913 1977 1021 2042 rector
1043 1967 1177 2040 ecclesie
1200 1969 1293 2038 beate
1316 1966 1369 2038 dei
1393 1967 1561 2061 genitricis
1584 1977 1618 2038 et
1640 1968 1776 2061 virginis
1801 1970 1981 2064 marioque
2006 1971 2134 2044 inndnte
2159 1982 2209 2040 est
2367 1997 2371 2004 ⁴

793 2122 890 2196 cupre
914 2099 1018 2174 eroice
1043 2097 1083 2169 ed
1107 2097 1174 2190 ipse
1197 2095 1303 2190 speleo
1325 2094 1383 2166 nbi
1408 2096 1449 2166 nd
1472 2097 1540 2191 ipse
1564 2095 1829 2168 tnrreedifieete.
1852 2098 1886 2166 in
1909 2108 2019 2168 monte
2050 2095 2207 2168 besubeo.

652 2269 657 2280 ·
684 2239 686 2247 ’
794 2227 884 2322 quod
908 2223 1057 2296 dominus
1079 2221 1238 2292 martinus
1261 2219 1452 2292 benernbiiis
1475 2222 1581 2316 edqne
1606 2219 1821 2292 sanctissimus
1843 2221 1939 2292 ubbes
1969 2246 1988 2291 e
2011 2219 2099 2291 nobo
2124 2225 2208 2292 inn-

793 2347 922 2418 demine
945 2369 1048 2440 nsque
1071 2345 1111 2415 ed
1134 2343 1262 2425 crdmen
1285 2343 1360 2416 tecti
1384 2341 1546 2436 perduxit
1571 2343 1612 2414 de
1637 2343 1705 2435 ipse
1729 2343 1831 2414 tribus
1854 2344 1944 2436 pecie
1964 2345 2004 2416 de
2018 2344 2116 2416 rebus
2140 2371 2206 2418 ve-

795 2483 859 2545 stre
882 2497 946 2566 que
970 2481 1018 2541 est
1040 2465 1199 2543 erbnsute
1223 2495 1287 2565 qne
1311 2469 1411 2542 abetis
1433 2491 1531 2562 super
1555 2469 1720 2540 iamdicto.
1748 2469 1819 2540 loco
1841 2469 1933 2542 bietu
1955 2473 2139 2566 propinquo
2174 2473 2207 2541 in

795 2597 952 2689 ebusugrn
984 2618 1048 2692 que
1078 2595 1173 2666 robis
1204 2594 1344 2687 pertinet
1367 2595 1408 2666 de
1432 2595 1502 2688 ipso
1525 2595 1627 2665 iundo
1650 2595 1708 2690 qui
1731 2595 1851 2668 dicitur
1875 2597 1916 2667 de
1939 2597 2117 2669 mertinulo
2151 2619 2206 2667 seu

795 2721 868 2794 illnt
890 2721 985 2794 robis
1007 2720 1146 2815 pertinet
1168 2720 1204 2790 in
1227 2729 1336 2790 sancto
1360 2729 1469 2792 vestro
1487 2722 1689 2792 nonnemo
1713 2749 1732 2792 e
1756 2745 1830 2816 pers
1853 2722 1970 2797 militie
1994 2723 2051 2795 ubi
2072 2747 2131 2796 vos
2146 2747 2207 2795 une

796 2873 871 2922 cum
895 2858 1004 2922 senen
1034 2859 1101 2920 totu
1131 2853 1237 2922 vestre
1261 2848 1510 2945 congregatione
1535 2841 1769 2922 monachorum
1793 2873 1846 2922 me
1868 2849 2041 2922 efireteetis.
2065 2872 2130 2921 nne
2165 2873 2208 2946 ex

797 2981 865 3072 ipse
888 2977 977 3072 pecie
1001 2978 1041 3048 de
1063 2979 1129 3050 iem
1151 2979 1254 3050 dictis.
1279 2978 1374 3049 rebus
1398 2979 1459 3049 hec
1484 2978 1581 3049 hebet
1604 2977 1690 3052 finis.
1714 3005 1733 3050 u
1754 2987 1846 3073 porte
1869 2977 1986 3050 orienti
2009 2986 2042 3047 et
2074 2973 2208 3047 meridie

798 3108 862 3180 fine
885 3107 943 3203 qni
966 3108 1084 3180 dicitur
1107 3106 1148 3177 de
1171 3107 1324 3178 audeberi
1348 3113 1381 3175 et
1404 3106 1445 3176 do
1468 3105 1528 3200 ipsi
1553 3107 1718 3179 cereciuli.
1745 3133 1764 3177 e
1788 3117 1877 3202 perte
1901 3105 2060 3178 occidenti
2078 3106 2141 3177 fine
2171 3105 2211 3174 de

796 3235 945 3312 homines
968 3235 1009 3306 de
1032 3235 1131 3304 biatu.
1156 3259 1175 3305 n
1199 3243 1289 3329 parto
1312 3233 1534 3328 septemtrioni
1559 3235 1622 3306 fine
1637 3233 1762 3306 domini
1780 3235 1863 3329 petri
1877 3234 1989 3308 clerici
2006 3233 2065 3330 qui
2095 3233 2211 3304 dicitur

797 3362 837 3432 de
860 3360 918 3432 itte
940 3361 980 3432 de
1004 3359 1130 3432 selerno
1154 3361 1249 3432 etde
1274 3359 1343 3430 eins
1366 3357 1579 3432 consortibus.
1603 3361 1676 3454 lpse
1700 3360 1838 3432 secunde
1860 3359 1924 3432 elin
1944 3359 2034 3452 pecie
2054 3357 2116 3430 hec
2139 3357 2210 3428 ebet

797 3487 870 3558 finis
894 3486 934 3556 de
957 3495 1048 3578 perte
1071 3485 1189 3556 orienti
1212 3485 1276 3556 fine
1298 3486 1357 3580 qui
1380 3487 1501 3558 dicitur
1524 3488 1591 3558 iem
1615 3489 1703 3561 dicti.
1728 3487 1883 3560 eudeberi
1906 3497 1939 3558 et
1963 3487 2003 3558 de
2027 3486 2089 3581 ipsi
2113 3510 2211 3558 cere-

798 3609 884 3682 ciuli.
909 3635 928 3678 e
950 3619 1039 3705 purte
1062 3609 1196 3682 meridie
1221 3610 1283 3682 fine
1307 3597 1359 3681 vie
1383 3612 1521 3707 publice.
1556 3625 1689 3708 operte
1714 3612 1871 3685 occidenti
1895 3614 1959 3686 fine
1984 3617 2024 3687 de
2060 3613 2206 3685 homines

798 3738 838 3808 de
862 3737 950 3808 bietu
974 3762 993 3807 e
1016 3747 1107 3830 purte
1129 3738 1365 3832 septemtrionis
1397 3738 1546 3809 similiter
1570 3741 1634 3812 fine
1658 3741 1698 3813 de
1724 3739 1875 3812 endeberi
1898 3749 1931 3811 et
1954 3741 1995 3812 de
2020 3739 2081 3834 ipsi
2115 3763 2212 3810 cern-

798 3862 889 3936 ciuli.
915 3871 948 3934 et
970 3861 1138 3957 coniungit
1160 3887 1195 3936 se
1218 3831 1253 3934 in
1277 3863 1400 3957 priores
1426 3863 1515 3932 fines.
1551 3865 1622 3958 Ipse
1645 3863 1705 3936 elie
1729 3866 1823 3937 tertie
1847 3865 1937 3960 pecie
1970 3865 2011 3937 de
2041 3863 2210 3934 iamdictis.

798 3991 893 4064 rebus
916 3991 976 4064 bec
1000 3991 1072 4064 ubet
1095 3993 1176 4064 finis.
1201 3991 1242 4062 dn
1266 4003 1356 4085 perte
1379 3991 1496 4063 orienti
1520 3993 1584 4064 fine
1608 3994 1649 4065 de
1673 3994 1791 4068 berede
1816 3993 1883 4066 iofii
1908 3994 1948 4066 de
1963 3992 2094 4065 castello
2119 3991 2210 4062 leuri.

797 4130 829 4193 et
851 4129 1004 4222 pertenge
1027 4123 1061 4192 in
1085 4121 1148 4191 fine
1172 4121 1256 4214 petri
1280 4121 1339 4192 filii
1364 4119 1492 4192 emendi
1517 4123 1557 4193 de
1574 4121 1721 4220 bnsngre.
1747 4149 1765 4195 e
1789 4133 1880 4219 perte
1904 4123 2040 4196 meridie
2064 4133 2097 4194 et
2119 4121 2212 4190 ocei-

799 4249 887 4320 denti
909 4249 972 4317 fine
996 4251 1054 4342 qui
1077 4247 1204 4318 dicitur.
1228 4247 1405 4318 iamdicti.
1431 4249 1593 4322 endeberi.
1620 4253 1714 4325 etde
1738 4253 1800 4346 ipsi
1824 4251 1984 4325 cureciuli.
2016 4228 2140 4344 aperte
2156 4271 2213 4318 se-

800 4375 987 4470 ptemtrioni
1009 4376 1073 4448 fino
1096 4375 1155 4470 qui
1178 4375 1295 4448 dicitur
1318 4377 1358 4449 de
1382 4377 1445 4472 ipsi
1468 4382 1605 4476 capuani
1629 4391 1662 4452 et
1686 4381 1852 4476 coniungit
1875 4403 1910 4452 se
1931 4381 1966 4451 in
1981 4379 2104 4472 priores
2121 4377 2213 4447 fines.

800 4506 870 4576 Hec
894 4502 1059 4576 nominate
1083 4503 1151 4599 ipse
1175 4504 1277 4578 tribus
1301 4507 1392 4601 pecie
1415 4509 1455 4581 de
1479 4509 1575 4582 rebus
1600 4533 1664 4605 que
1688 4511 1723 4582 in
1745 4521 1856 4582 sancto
1883 4521 1989 4582 vestro
2023 4505 2216 4578 monisterio

800 4629 938 4722 pertinet
961 4653 980 4696 e
1003 4651 1075 4722 pers
1098 4631 1285 4723 supradicte.
1305 4633 1421 4703 militie
1444 4656 1521 4704 cum
1544 4633 1634 4704 omni
1657 4655 1717 4704 suo
1738 4635 1865 4706 edificio
1886 4636 1974 4706 intro
1991 4657 2025 4704 se
2051 4629 2217 4702 ubentibns

800 4767 835 4825 tu
859 4759 915 4852 qui
938 4779 1033 4853 supra
1057 4757 1227 4852 stephanus
1250 4759 1441 4832 benerebilis
1465 4759 1571 4831 ubbes.
1596 4761 1716 4835 ibidem
1740 4785 1793 4835 me
1809 4763 1985 4836 efirntnstis.
2011 4765 2059 4834 Ee
2085 4759 2218 4858 quidem

800 4882 924 4958 ratione
947 4897 983 4959 ut
1006 4910 1068 4983 ego
1091 4889 1150 4982 qui
1174 4911 1271 5000 supro
1293 4885 1448 4959 mereldu.
1474 4897 1507 4959 et
1530 4889 1611 4962 meis
1637 4889 1810 4965 heredibus
1835 4889 1902 4984 ipsc
1926 4890 2030 4963 tribus
2054 4889 2145 4988 pecie
2177 4885 2218 4956 de
