4896 6522
1410 564 1424 660 (
1449 563 1529 673 ⁵⁰)

764 751 895 816 a'nunc
918 749 951 814 et
972 739 1008 810 in
1030 731 1193 833 perpetuis
1214 723 1415 822 temporibus
1439 719 1538 791 mam
1561 715 1622 788 etsi
1644 711 1761 810 probis
1785 734 1939 808 personas
1962 739 2023 790 vos
2046 733 2105 794 ant
2132 725 2198 798 bc-

764 871 857 944 rcdes
880 867 995 942 retnis
1018 865 1135 938 exinde
1157 865 1190 928 ut
1212 854 1415 954 querendam
1438 843 1565 918 beneris
1587 863 1647 936 per
1669 863 1733 913 nos
1757 850 1895 937 aut-per
1920 847 2057 940 posteris
2080 853 2198 925 nostris

643 1021 654 1028 ·
765 1004 843 1068 tunc
866 1011 926 1062 nos
949 998 982 1063 et
1003 985 1140 1082 posteris
1163 977 1281 1052 nonis
1304 972 1397 1047 vobis
1419 965 1600 1060 vestrisque
1623 961 1799 1035 heredibus
1822 987 1976 1060 personas
2000 969 2055 1040 illa
2078 973 2197 1046 exinde

762 1120 903 1214 desuper
924 1113 1039 1188 tollere
1064 1109 1236 1184 debeamus
1260 1102 1381 1194 absque
1405 1093 1497 1166 omni
1518 1101 1625 1166 vestm
1648 1099 1681 1162 et
1704 1091 1746 1164 ds
1770 1094 1887 1164 restris
1909 1095 2082 1170 heredibus
2105 1122 2196 1194 qna-

765 1244 845 1317 libet
867 1241 1056 1314 damnietate
1077 1232 1200 1304 nullam
1224 1223 1317 1299 vobis
1340 1221 1521 1318 vetusque
1543 1217 1717 1295 bersdibus
1740 1221 1858 1294 exinde
1875 1223 2040 1296 miotentes
2053 1225 2194 1300 boccan·

764 1369 855 1438 sione
877 1359 954 1455 qnia
978 1357 1022 1428 ita
1043 1353 1138 1426 nobis
1161 1349 1338 1425 iudicatum
1361 1365 1413 1420 est
1435 1344 1472 1418 Si
1494 1353 1602 1416 antem
1635 1361 1696 1416 nos
1720 1351 1777 1416 aut
1799 1345 1937 1440 posteris
1960 1348 2080 1420 nostris
2101 1373 2194 1444 quo.

763 1492 813 1564 bis
838 1495 983 1581 tempore
1006 1491 1118 1555 contra
1141 1502 1201 1550 ano
1225 1475 1369 1548 chartula
1393 1474 1570 1547 securitatis
1592 1479 1630 1546 ut
1652 1492 1751 1567 super
1774 1471 1895 1568 legitur
1918 1473 2030 1548 beniro
2044 1499 2193 1572 prosum.

623 1663 626 1670 2
764 1611 902 1686 serimus
925 1605 1017 1677 etin
1040 1601 1156 1697 aliquit
1178 1598 1314 1672 bobiensi
1336 1597 1494 1668 fuerimus
1521 1617 1579 1690 per
1602 1591 1721 1690 quobis
1752 1595 1887 1668 modum
1921 1607 1978 1670 ont
2008 1603 2194 1673 summissas

764 1757 918 1836 personas
939 1741 1017 1806 tunc
1039 1727 1265 1824 componimus
1288 1745 1347 1797 nos
1370 1732 1404 1796 ct
1425 1725 1561 1819 posteris
1584 1721 1704 1794 nostris
1718 1721 1813 1794 robis
1826 1725 2005 1819 vestrisque
2021 1723 2193 1801 heredibus

767 1865 839 1938 auri
862 1863 983 1936 solidos
1013 1858 1146 1952 triginta
1169 1880 1227 1956 sex
1249 1854 1453 1950 bytbianteos
1486 1859 1520 1922 et
1542 1873 1579 1922 cc
1603 1848 1770 1957 chartula:
1802 1857 1841 1920 ut
1871 1869 1968 1944 super
2000 1851 2121 1945 legitur
2153 1857 2195 1928 sit
2293 1869 2295 1872 ·

768 1993 861 2064 firma
884 1969 1001 2082 scripta
1024 2007 1083 2080 per
1105 2005 1205 2058 manu
1228 1983 1315 2055 leoni
1337 1979 1468 2056 curialis
1490 2003 1549 2075 per
1571 1985 1751 2052 memorata
1774 1999 1859 2050 nona
1882 1975 2055 2054 indictione
2078 1979 2110 2074 †

780 2135 783 2142 ’
865 2114 927 2186 boc
950 2115 1081 2208 signum
1104 2111 1135 2206 †
1159 2133 1272 2184 manns
1295 2116 1475 2184 memorato
1490 2105 1646 2202 stephano
1661 2105 1848 2203 primicerio
1863 2116 1896 2178 et
1909 2117 2021 2198 cuntas
2046 2113 2194 2186 sunritas

770 2237 859 2334 quod
882 2259 945 2331 ego
968 2237 1027 2332 qui
1051 2242 1244 2308 memoratos
1267 2254 1329 2328 pro
1352 2231 1400 2304 cis
1422 2231 1596 2325 subscripsi
1619 2227 1651 2326 †

868 2347 898 2454 ἦ·
922 2361 995 2452 Ego
1020 2357 1190 2453 stephanus
1213 2355 1301 2432 filins
1324 2355 1448 2431 domini
1464 2355 1612 2453 sparani:
1639 2363 1772 2452 rugatus
1797 2381 1816 2428 a
1839 2369 2031 2434 memoratas
2046 2383 2194 2458 personas

772 2489 863 2558 testis
888 2486 1060 2580 subscripsi
1084 2488 1115 2582 †
1173 2551 1175 2558 ,
1907 2468 1910 2474 ’

745 2657 747 2668 ·
867 2612 898 2706 †
920 2613 993 2706 Ego
1019 2611 1173 2686 iohannes
1197 2612 1284 2688 iilius
1308 2613 1432 2688 domini
1456 2614 1569 2688 cesarii
1593 2623 1725 2711 rogatus
1748 2639 1768 2688 a
1791 2617 2019 2714 suprascriptas
2046 2643 2195 2714 personas

621 2742 625 2750 '
771 2735 844 2806 tosti
866 2733 1042 2831 subscripsi
1064 2733 1095 2831 †

869 2863 996 2960 †Ego
1028 2863 1183 2938 iohannes
1216 2867 1343 2940 curialis
1377 2879 1509 2964 rogatus
1542 2869 1561 2941 a
1595 2877 1787 2946 memoratas
1828 2893 1976 2968 personas
2009 2871 2078 2944 testi
2110 2873 2193 2946 sub-

776 2993 942 3088 scripsi†
1509 3003 1511 3008 '
