4896 6522
870 589 988 682 (⁵71

823 864 1056 941 cclxxxvi.

823 1127 951 1200 Christe
975 1129 1058 1200 fave.

323 1383 416 1480 †1n
452 1382 585 1454 nomine
618 1379 742 1452 domini
779 1379 833 1450 dei
862 1376 1034 1448 salvatoris
1056 1377 1160 1448 nostri
1190 1375 1289 1450 lheon
1320 1377 1444 1451 Christi
1472 1381 1652 1476 imperante
1749 1399 1810 1469 An,

231 1511 365 1583 domino
388 1517 499 1580 nostro
521 1503 636 1574 basilio
660 1521 780 1594 magno
813 1500 1007 1592 imperatore
1030 1521 1117 1569 anno
1141 1501 1412 1596 quinquagesimo
1441 1507 1558 1578 tertio:
1595 1507 1650 1580 ned
1725 1528 1844 1598 1012.-

230 1645 263 1706 et
289 1631 489 1705 constantino
510 1649 628 1721 magno
644 1625 839 1720 imperatore
861 1624 962 1697 irater
989 1624 1058 1697 eins
1073 1643 1159 1693 anno
1173 1621 1467 1717 quinquagesimo:
1491 1627 1545 1699 (lie
1560 1639 1651 1702 sexte
1755 1679 1757 1684 .

231 1760 352 1832 mensis
376 1755 552 1831 decembrii
575 1751 749 1826 indictione
771 1749 965 1826 hundeeima
988 1749 1137 1845 neapoli:
1165 1748 1299 1823 Certum
1321 1757 1369 1822 est
1391 1773 1444 1822 me
1461 1753 1651 1846 gregorium

233 1889 458 1980 presbyterum
481 1890 591 1954 custus
614 1903 694 1954 nero
717 1881 854 1954 ecclesie
876 1879 977 1952 annoti
999 1878 1147 1952 iohannis
1170 1879 1229 1975 qui
1253 1891 1388 1953 roeatnr
1412 1881 1448 1950 in
1470 1889 1562 1952 curte
1584 1905 1651 1952 nna

229 2029 307 2079 enm
338 2005 516 2078 volumtate
543 2003 666 2075 nomini
690 2002 788 2098 sergii
811 2001 915 2076 filinm
947 2003 1115 2098 quondam
1137 2002 1260 2074 domini
1293 2003 1430 2075 iohanni
1453 2003 1494 2076 de
1518 2005 1651 2076 domino

231 2135 364 2206 dometii
387 2133 427 2206 <le
451 2133 566 2204 alnorti.
589 2153 647 2204 een
677 2151 754 2204 cnm
777 2127 958 2204 volumtate
986 2130 1118 2204 domina
1148 2130 1253 2202 meria
1282 2128 1419 2203 honeste
1450 2129 1569 2200 femina
1592 2129 1652 2224 qni

229 2261 382 2332 merenda
404 2258 593 2332 olammatur
616 2258 682 2330 filia
705 2257 871 2352 qnondam
893 2257 1018 2330 domini
1041 2255 1195 2352 gregorii.
1219 2258 1288 2351 ipsa
1312 2281 1392 2329 vero
1416 2278 1491 2327 oum
1515 2255 1653 2328 volum·
1723 2262 1726 2270 '

229 2396 295 2457 tate
319 2386 440 2457 domini
464 2385 564 2481 sergii
587 2383 715 2457 miseini
738 2383 802 2454 biri
816 2384 880 2456 ani.
896 2383 961 2455 hoe
972 2389 1021 2454 eet
1037 2382 1188 2455 dominiis
1201 2390 1378 2453 memorate
1401 2382 1532 2453 ecclesie
1550 2382 1653 2454 saneti

229 2512 380 2582 iohannis
402 2533 501 2606 quem
525 2534 588 2605 ego
610 2533 729 2582 venere
751 2510 840 2582 bione
863 2516 911 2581 est
934 2517 967 2580 et
989 2508 1059 2601 ipsa
1082 2509 1213 2578 domina
1235 2507 1338 2576 maria
1360 2506 1517 2600 probino
1541 2529 1598 2576 ann
1622 2515 1654 2579 et

229 2661 292 2734 pro
315 2639 388 2711 hice
412 2639 537 2711 domini
561 2638 718 2711 theodosii
740 2647 773 2711 et
796 2637 919 2712 domini
941 2635 1092 2708 theodori
1116 2635 1194 2706 thiis
1218 2635 1285 2707 suis
1300 2635 1454 2706 dominiis
1477 2644 1654 2708 memorata

230 2763 384 2836 ecelesia:
409 2766 440 2835 A
462 2763 603 2856 presenti
625 2763 678 2834 die
700 2763 944 2858 promptissima
967 2760 1136 2833 voluntate
1150 2761 1308 2854 promitto
1324 2759 1417 2832 vobis
1441 2759 1573 2832 iohanni
1596 2761 1653 2858 qni

230 2913 328 2985 anper
351 2913 470 2963 nomen
493 2893 613 2985 pittnlu
636 2891 742 2964 filium
764 2892 927 2986 quondam
941 2887 1086 2982 palumbi
1110 2887 1270 2960 seriniarii
1293 2899 1326 2959 et
1349 2888 1517 2962 bonafilia
1540 2912 1653 2985 qnon-

230 3020 304 3089 ‹lam
327 3019 433 3092 mauri
457 3017 618 3111 perorarii
641 3015 754 3087 relicta
776 3027 885 3088 autem
908 3015 1075 3109 qnondam
1097 3013 1246 3084 iohannis
1270 3013 1329 3109 qni
1352 3017 1537 3086 nominatur
1566 3017 1653 3088 bne-

230 3165 313 3212 eone
336 3153 371 3212 et
393 3140 548 3232 stephano
571 3153 604 3213 ot
626 3142 774 3236 aligerno
796 3143 959 3216 hulerinis
983 3143 1148 3236 germanis
1171 3139 1248 3211 filiis
1271 3141 1396 3212 domini
1411 3143 1495 3234 petri
1517 3142 1582 3212 hoo
1605 3152 1653 3212 eat

230 3263 380 3354 cognatis
404 3269 437 3330 et
459 3260 537 3332 thiia
560 3269 593 3332 et
615 3270 749 3354 nepotes
772 3260 986 3334 nhitetoribns
1008 3283 1090 3334 nero
1114 3262 1150 3332 in
1172 3263 1248 3335 loeo
1270 3263 1329 3356 qni
1351 3270 1488 3335 vocatur
1510 3283 1653 3334 nonnara

229 3388 321 3482 quod
345 3399 392 3458 eat
414 3388 495 3459 loris
518 3385 661 3459 llnbenm
684 3389 783 3460 eitum
806 3391 847 3459 ad
869 3397 1016 3461 eanotnm
1039 3391 1232 3482 stephanum
1247 3390 1306 3484 qni
1320 3399 1458 3460 vocatur
1481 3389 1521 3459 ad
1544 3397 1653 3460 attone

227 3514 277 3583 ihi
299 3513 431 3605 ipsnm:
457 3521 590 3604 propter
611 3515 776 3606 integrum
800 3513 968 3584 eoniolum
996 3521 1146 3586 nostrum
1170 3515 1229 3609 qni
1251 3522 1388 3586 vocatur
1418 3516 1542 3610 pratale
1565 3539 1653 3586 oon-

226 3641 381 3712 stilntnm
403 3659 483 3709 vero
507 3639 541 3706 in
564 3643 749 3707 memorato
772 3635 854 3706 loeo.
878 3636 968 3706 huna
992 3659 1069 3709 enm
1090 3641 1263 3718 introitum
1286 3664 1383 3714 annm
1410 3641 1651 3736 homnihnsque

227 3765 278 3834 eia
300 3758 533 3856 pertinentibus
555 3761 752 3854 pertinenter
774 3781 855 3830 vero
878 3761 919 3832 de
942 3760 1028 3854 ipsas
1050 3765 1201 3854 portione
1225 3772 1258 3834 et
1279 3767 1487 3857 pertinentias
1517 3786 1651 3835 memo-

224 3889 293 3960 rati
317 3887 438 3958 domini
461 3886 560 3980 sergii
583 3894 617 3958 et
638 3885 791 3958 iamdicta
814 3886 946 3958 domina
983 3873 1085 3958 maria
1109 3897 1141 3958 et
1164 3890 1204 3960 da
1232 3892 1386 3980 predictis
1417 3893 1495 3964 thiis
1517 3894 1585 3964 suis
1609 3895 1649 3964 do

220 4025 407 4090 memorata
431 4016 591 4090 ecelesia:
615 4025 648 4089 et
671 4016 804 4090 coheret
826 4015 890 4088 sihi
914 4041 933 4086 a
956 4017 1295 4112 memoratnconiolu
1310 4045 1330 4090 a
1344 4027 1470 4112 partem
1492 4019 1652 4090 horientie

220 4155 318 4217 terre
342 4143 382 4215 de
405 4137 452 4212 illi
476 4142 593 4212 inferni
616 4142 783 4235 quomodo
807 4142 954 4214 terminis
977 4145 1118 4216 exfinat:
1144 4146 1185 4216 da
1201 4155 1323 4240 partem
1340 4146 1538 4217 hoecidenlis
1561 4155 1647 4220 terra

219 4273 267 4344 de
295 4275 474 4340 memorata
497 4265 629 4336 domina
651 4267 756 4336 meria
778 4275 811 4336 et
834 4267 874 4335 de
889 4271 1075 4342 memoratis
1099 4271 1175 4343 thiis
1190 4273 1275 4342 snio:
1294 4272 1552 4368 aseptentrionis
1567 4297 1647 4346 nero

217 4405 321 4488 parte
342 4391 452 4462 ribum
476 4391 643 4486 quomodo
668 4414 751 4485 aqna
775 4391 931 4461 exlinant:
956 4394 996 4463 da
1019 4403 1110 4484 parte
1133 4419 1273 4490 namquo
1299 4399 1446 4470 meridiei
1471 4412 1557 4472 terra
1572 4423 1646 4471 mo·

218 4519 362 4593 nasterii
384 4527 569 4590 sanctornm
592 4517 741 4590 theodori
764 4525 797 4589 et
819 4517 991 4589 sebastiani
1013 4520 1072 4613 qui
1095 4530 1229 4593 vocatur
1252 4530 1407 4620 earapiota
1432 4530 1529 4598 sitnm
1546 4529 1581 4596 in
1594 4529 1647 4598 hi-

219 4647 385 4723 ridinrio:
409 4669 469 4719 nen
492 4654 524 4717 et
540 4657 625 4718 terra
647 4654 825 4717 memorata
840 4645 971 4717 domino
994 4647 1099 4718 maria
1114 4658 1148 4719 et
1162 4649 1227 4719 iam
1244 4653 1335 4725 dietis
1353 4653 1427 4723 thiia
1441 4654 1524 4726 suis:
1547 4678 1645 4750 quem
1761 4645 1768 4654 ⁴

117 4775 126 4787 '
220 4793 317 4881 vero.
336 4779 553 4842 memoratum
569 4770 733 4880 integrum
747 4769 914 4841 eoniolnm
925 4781 1074 4844 nostrum
1088 4783 1120 4847 et
1136 4787 1312 4848 memorata
1326 4779 1507 4872 portionem
1523 4793 1556 4854 et
1569 4806 1646 4877 per-

220 4897 383 4970 tinentias
406 4896 577 4982 memorati
600 4895 725 4970 domini
747 4897 846 4991 sergii
869 4907 902 4970 et
931 4899 1083 4975 iamdicta
1118 4902 1221 4974 maria
1245 4911 1277 4975 et
1309 4907 1538 4999 prenominatis
1569 4908 1646 4982 thiis

1269 5048 1288 5107 8
