4888 6528
1415 558 1557 652 (ror)

779 719 851 798 ruri
874 719 994 798 solidos
1015 721 1147 820 uiginti
1168 716 1467 816 seriniimteos:
1495 719 1529 785 et
1548 709 2016 810 herebertuluprumisionie
2041 731 2079 795 nt
2102 743 2201 821 sopor

777 851 898 950 legitur
920 853 962 925 sit
983 849 1077 924 firme
1099 849 1217 944 scripte
1240 869 1299 944 per
1321 865 1436 918 munus
1460 840 1609 916 iobunnis
1639 839 1773 918 euriclis
1796 853 1830 917 et
1852 847 2012 922 scriuicrii
2038 871 2098 945 per
2122 871 2202 924 me-

777 990 904 1056 mor-ru
926 977 1049 1052 decimu
1073 975 1249 1050 indictione
1270 973 1303 1068 †
1323 975 1389 1046 buc
1412 971 1542 1067 signum
1564 969 1733 1069 †munus
1757 976 1930 1048 memorati
1953 978 2111 1073 gunduici
2138 981 2199 1074 qui

777 1131 874 1206 super
895 1127 1015 1182 numen
1036 1105 1131 1182 mcci
1153 1109 1235 1200 pout
1258 1127 1322 1200 ego
1345 1101 1405 1202 qui
1427 1105 1624 1176 memoratus
1647 1101 1782 1178 ubuum
1805 1113 2011 1203 rugetuspm
2027 1107 2198 1180 enmsnb-

775 1235 933 1336 mour

871 1371 966 1438 etue
989 1379 1229 1436 memoremus:
1251 1357 1329 1456 quin
1360 1359 1451 1431 omni
1484 1365 1629 1454 tempore
1657 1357 1765 1430 benirt
1797 1367 2003 1432 meusmntm
2025 1359 2094 1454 ipse
2126 1385 2196 1436 mu-

776 1487 849 1564 dius
872 1487 913 1562 de
937 1493 1116 1560 memoratu
1140 1493 1225 1556 term
1249 1484 1290 1557 de
1313 1506 1380 1558 unu
1404 1485 1508 1578 cupite
1531 1491 1623 1580 purte
1647 1483 1826 1555 meridiane
1846 1509 1855 1553 r
1879 1485 1942 1554 boe
1966 1494 2014 1555 eet
2038 1482 2194 1557 duilium

777 1617 835 1712 qui
857 1615 996 1710 pertinet
1018 1613 1058 1687 dc
1082 1621 1260 1688 memorata
1284 1611 1415 1684 ecclesia
1439 1611 1541 1684 suncti
1556 1609 1673 1684 sebcri.
1690 1619 1724 1682 et
1738 1621 1787 1684 cut
1801 1611 1883 1682 ime
1900 1619 2077 1683 memorate
2104 1633 2196 1682 ceusu

777 1751 956 1817 memorum
978 1741 1112 1815 ecclesia
1134 1745 1236 1816 suncti
1260 1741 1341 1814 sossi
1364 1738 1464 1814 simul
1487 1763 1564 1814 uum
1594 1739 1701 1834 ipsum
1723 1738 1855 1834 plenum
1880 1749 2025 1812 restrum
2059 1740 2195 1831 desuper

777 1869 884 1964 ipsum
906 1865 1016 1938 ribum
1032 1874 1195 1938 restrum:

873 1991 904 2086 †
927 2013 990 2087 ego
1014 1989 1175 2084 aligernus
1197 1987 1282 2061 filius
1305 1988 1431 2062 domini
1454 1987 1587 2060 iohanni
1610 1987 1683 2060 testi
1707 1985 1881 2082 subscripsi
1904 1985 1936 2082 †

871 2113 1000 2211 †Ego
1023 2113 1149 2206 sergius
1172 2111 1309 2184 curialis
1333 2112 1423 2184 testis
1446 2112 1620 2207 subscripsi
1643 2108 1675 2206 †

817 2275 821 2280 ·
872 2237 903 2335 †
928 2239 1000 2332 Ego
1025 2237 1197 2334 stephanus
1220 2236 1310 2308 filius
1328 2231 1454 2310 domini
1469 2237 1554 2330 petri
1569 2235 1659 2308 testis
1680 2235 1853 2330 subscripsi
1876 2235 1908 2331 †
2220 2313 2224 2320 ,

872 2363 903 2458 †
926 2363 998 2458 Ego
1020 2358 1195 2432 iubonnes:
1220 2359 1357 2432 Curiulis
1380 2367 1413 2432 et
1434 2357 1640 2433 scriniarius:
1665 2357 1832 2458 Compleri
1855 2369 1888 2432 et
1902 2357 2025 2434 absolui
2041 2383 2099 2458 per
2114 2380 2194 2438 me·

623 2506 627 2514 '
778 2501 902 2564 nmen
926 2489 1050 2562 decima
1073 2487 1248 2562 indictione
1271 2484 1303 2581 †

1363 2877 1603 2954 mcmvst

874 3139 905 3240 †
927 3139 964 3216 iu
987 3143 1118 3216 numine
1140 3141 1264 3218 domim
1286 3143 1340 3216 dei
1362 3140 1530 3220 silvatoris
1545 3141 1649 3218 nostri
1663 3139 1758 3218 ibesu
1774 3139 1892 3218 Christi
1908 3139 2104 3240 temporibus
2124 3141 2192 3216 do-

777 3268 868 3343 mino
891 3280 1002 3345 nostro
1025 3271 1228 3345 comuntino
1251 3295 1370 3368 magno
1393 3273 1588 3368 imperatore
1611 3295 1696 3346 enno
1719 3273 1922 3370 sexagesimo
1947 3271 2060 3367 quinto
2083 3289 2192 3343 meuse

775 3397 940 3472 februario
963 3397 1134 3472 undecimo
1157 3397 1357 3473 indictione:
1384 3399 1525 3494 Ideoque
1553 3395 1768 3496 ego⁸mulier
1800 3403 1933 3474 nomine
1964 3399 2089 3471 sellectu
2125 3418 2190 3494 qun

775 3525 973 3600 mitreum
1006 3525 1171 3622 quondum
1205 3528 1302 3619 sergii
1333 3526 1499 3622 porciuccn
1530 3537 1562 3601 et
1594 3527 1747 3602 nbitentes
1779 3553 1852 3602 sum
1879 3529 1914 3602 in
1947 3500 2063 3604 secolo
2096 3523 2192 3596 Clare

774 3645 859 3718 iccio
882 3669 945 3742 ego
968 3646 1045 3743 quic
1068 3655 1142 3720 unte
1165 3669 1204 3720 us
1226 3669 1328 3723 annus
1349 3659 1498 3726 mortuus
1521 3661 1569 3725 cst
1591 3654 1660 3750 ipse
1681 3655 1735 3726 vir
1747 3675 1837 3726 meus
1851 3663 1885 3726 et
1900 3652 2060 3726 reimsuvit
2083 3672 2136 3723 me
2154 3651 2189 3722 in

775 3789 931 3866 magnum
954 3771 1110 3848 devitum.
1142 3775 1228 3850 unde
1260 3801 1323 3875 ego
1353 3801 1420 3852 nun
1446 3779 1580 3854 heberet
1606 3789 1645 3856 ut
1674 3783 1780 3876 ipsum
1811 3783 1950 3878 pretium
1985 3779 2132 3853 rindcrct
2155 3789 2191 3850 et

774 3899 883 3972 auditu
905 3901 968 3976 finit
991 3904 1068 3998 quin
1093 3902 1210 3979 mulier
1232 3929 1299 3980 uun
1322 3917 1447 4003 poteret
1470 3907 1603 3984 vindere
1626 3911 1696 3984 sine
1719 3911 1894 3986 mundoald
1928 3917 1961 3981 et
1984 3909 2188 3980 aboortorem

772 4044 878 4102 suum.
900 4027 1037 4124 proinde
1058 4029 1236 4104 oomoohi
1259 4034 1432 4107 iohannem
1454 4033 1524 4106 titio
1537 4033 1696 4110 benedicti
1719 4038 1779 4133 qui
1793 4033 1851 4109 'est
1872 4031 2041 4106 obocutore
2075 4053 2185 4105 mcum

772 4161 806 4222 et
826 4150 945 4226 uinus
969 4161 1042 4228 tute
1064 4157 1258 4253 presentiam
1282 4167 1468 4235 nostrorum
1490 4157 1665 4235 comitibus
1689 4167 1723 4232 et
1737 4183 1797 4258 per
1818 4179 1933 4234 corum
1950 4159 2186 4233 absolutionem

772 4273 889 4370 largitu
910 4295 983 4350 sum
1006 4300 1068 4374 ego
1090 4301 1155 4376 que
1177 4303 1274 4376 supro
1295 4281 1414 4356 mulier
1435 4283 1477 4357 de
1500 4285 1633 4362 siudero
1660 4307 1721 4383 pro
1743 4288 1851 4384 ipsum
1873 4286 2017 4360 devitum
2045 4293 2078 4354 et
2100 4285 2183 4355 dnm

771 4397 908 4472 tirmiter
931 4401 1004 4476 inot
1025 4405 1130 4481 iecere
1152 4429 1215 4503 epu
1238 4409 1316 4484 bulo
1338 4409 1424 4486 bum
1447 4415 1568 4486 etenim
1592 4437 1663 4487 men
1687 4413 1853 4488 boluntntc
1878 4435 1987 4486 eornm
2009 4409 2186 4508 subscripti

769 4521 905 4598 'testibm
926 4545 985 4623 per
1007 4513 1090 4602 bunc
1112 4549 1245 4628 quoque
1266 4531 1418 4606 videlicet
1439 4531 1620 4609 chartulam
1644 4539 1777 4612 vindere
1796 4549 1830 4610 et
1853 4539 1889 4610 in
1910 4543 2092 4634 presentem
2116 4559 2182 4612 rc·

770 4653 924 4726 numdcdi
949 4652 1009 4730 tiri
1032 4653 1150 4732 moudu¹
1174 4659 1239 4732 iidie
1263 4661 1428 4760 quondam
1452 4663 1603 4738 nodddi.
1628 4673 1661 4738 et
1692 4685 1782 4740 uxor
1813 4663 1965 4738 videlicet
1998 4661 2110 4737 soom
2130 4661 2190 4735 filii

769 4779 932 4872 quondum
955 4779 1071 4856 muer
1095 4785 1136 4859 ds
1158 4789 1373 4888 suprascripte
1395 4791 1522 4868 socole.
1552 4793 1635 4868 idest
1660 4795 1786 4870 modice
1821 4803 1908 4870 terra
1948 4819 2049 4896 quem
2082 4795 2188 4868 habeo

767 4903 1052 4986 'nrtminssssuls
1075 4923 1184 5016 petuo
1209 4939 1273 5015 que
1295 4919 1394 4994 hebet
1416 4921 1490 4998 bnis
1514 4923 1555 4996 eb
1578 4945 1646 5000 uno
1669 4923 1769 5002 lotoe
1793 4931 1879 5002 term
1901 4933 2191 5022 otrescmcnqns
