4896 6522
1442 557 1568 664 rur

1395 836 1612 914 consur.
1728 789 1733 804 ’

641 1106 703 1175 An.
883 1093 966 1190 †ln
979 1097 1112 1170 nomine
1124 1093 1247 1169 domini
1259 1095 1311 1167 dei
1324 1090 1490 1165 salvatoris
1504 1090 1607 1169 nostri
1625 1089 1722 1163 lhesn
1737 1085 1859 1162 Christi
1873 1089 2054 1188 lmpersnte
2069 1093 2206 1169 domino

622 1241 732 1304 1011.
789 1227 899 1290 nostro
910 1203 1024 1290 besilio
1036 1237 1154 1310 magno
1165 1215 1360 1308 imperatore
1372 1233 1458 1285 anno
1468 1195 1750 1311 quinquagesimo
1761 1213 1879 1307 primo.
1894 1215 1950 1288 sed
1963 1221 2204 1292 cteonstantino

788 1345 885 1414 irater
898 1341 968 1414 eius
990 1363 1109 1435 magno
1133 1341 1329 1436 imperatore
1353 1365 1438 1414 anno
1460 1339 1860 1437 quadragesimohoetebo
1877 1341 1931 1412 die
1947 1341 2208 1417 vicesimotertio
2343 1425 2346 1432 ,

787 1449 907 1536 mensis
923 1463 1080 1536 februarii
1096 1465 1271 1536 indictione
1286 1486 1372 1536 nona
1385 1463 1526 1557 neapoli:
1538 1463 1669 1536 Certum
1684 1471 1732 1534 est
1745 1483 1798 1535 nae
1813 1463 1975 1536 marinum
1990 1465 2211 1561 filiumquon·

788 1587 863 1662 aaa
877 1587 1026 1660 rahans
1042 1565 1223 1681 'smenon
1246 1587 1305 1682 qur
1328 1587 1399 1692 raas
1423 1584 1561 1658 niusa
1584 1587 1624 1659 ae
1647 1590 1804 1680 cyneae.
1828 1592 1862 1654 er
1884 1608 1947 1679 ego
1964 1588 2063 1660 moso
2087 1587 2208 1660 aarum

651 1771 655 1780 .
789 1715 904 1786 videor
926 1713 962 1784 in
984 1711 1058 1784 loco
1080 1711 1139 1808 qui
1163 1710 1349 1784 nominatur
1363 1712 1580 1821 pumilionum
1602 1714 1682 1786 foris
1705 1733 1819 1784 arcora
1839 1711 1963 1786 dudum
1987 1715 2207 1808 aqueductusr

788 1841 820 1910 A
843 1838 982 1934 presenti
1006 1840 1058 1913 die
1081 1847 1239 1934 quatenus
1275 1861 1334 1910 ros
1366 1838 1516 1913 videlicet
1540 1841 1672 1913 domino
1704 1840 1816 1934 filippu
1844 1835 2026 1926 venerabili
2044 1865 2209 1936 ygumeno

789 1962 976 2035 monasterii
998 1969 1178 2036 sanctonum
1203 1962 1302 2057 sergii
1326 1971 1359 2032 et
1381 1962 1476 2034 bachi
1499 1964 1558 2059 qui
1575 1986 1661 2034 nune
1683 1969 1893 2056 congregatus
1913 1984 1947 2032 es
1961 1962 1997 2034 in
2011 1966 2209 2036 monasterio

657 2167 660 2170 ,
789 2097 973 2162 sanctorum
996 2089 1145 2163 theodori
1168 2099 1202 2162 et
1224 2089 1394 2163 sebastiani
1418 2090 1476 2186 qui
1492 2089 1670 2184 appellatur
1692 2090 1848 2183 casapicta
1869 2091 1968 2163 situm
1992 2091 2027 2162 in
2041 2089 2210 2164 hiridiario

790 2217 884 2290 cuim
906 2239 965 2290 nos
980 2217 1168 2290 hominibus
1183 2240 1251 2290 esse
1266 2218 1425 2292 videmur.
1448 2217 1548 2289 michi
1571 2215 1748 2289 chartulam
1771 2217 1890 2290 fecistis
1913 2240 1978 2289 una
2001 2241 2078 2290 curn
2093 2227 2210 2306 cuneta
2271 2276 2275 2281 .

790 2349 897 2415 vestra
910 2341 1156 2437 congregatione
1171 2340 1404 2414 monachorum
1419 2340 1588 2411 memorati
1602 2340 1703 2412 sancti
1725 2347 1758 2412 et
1771 2339 1962 2412 venerabilis
1978 2338 2078 2412 vestri
2091 2361 2208 2412 mona·

789 2463 890 2534 stcrii.
906 2485 949 2532 ex
968 2463 1093 2557 integra
1106 2485 1170 2532 una
1184 2462 1270 2556 petia
1285 2469 1391 2534 vestra
1406 2463 1445 2534 de
1462 2470 1546 2534 terra
1570 2485 1636 2560 que
1660 2462 1847 2535 nominatur
1870 2461 1912 2534 ad
1935 2463 2095 2536 sinienunr
2107 2465 2208 2558 posita

789 2589 825 2660 in
848 2575 1028 2660 rnemorato
1051 2587 1133 2659 loco.
1157 2610 1223 2662 uua
1246 2611 1324 2660 curn
1347 2588 1516 2662 arboribus
1539 2599 1573 2661 et
1595 2590 1764 2662 introitum
1786 2613 1883 2664 suum
1915 2599 1948 2660 et
1970 2589 2120 2662 omnibus
2148 2590 2208 2663 siri

789 2709 1034 2810 pertinentibus.
1060 2711 1241 2807 pertinente
1263 2711 1433 2784 memorati
1448 2713 1549 2786 vestri
1565 2711 1751 2784 monasterii
1774 2711 1821 2783 ud
1844 2713 1879 2782 in
1896 2711 2044 2784 omnibus
2067 2713 2209 2784 continet

789 2839 933 2914 chartula
956 2859 1037 2934 quas
1059 2861 1119 2910 ros
1142 2837 1243 2910 michi
1265 2840 1475 2934 fecistisque
1500 2864 1561 2934 ego
1578 2840 1664 2934 apud
1686 2864 1741 2912 me
1763 2841 1878 2912 haheo.
1900 2849 1933 2912 et
1948 2839 2078 2912 ooherct
2091 2840 2152 2910 sivi
2168 2840 2209 2912 uh
2310 2897 2322 2912 .

694 3007 699 3018 -
790 2987 857 3047 uno
870 2964 968 3036 latere
983 2973 1067 3034 terra
1081 2960 1214 3034 heredes
1228 2960 1352 3034 domini
1368 2961 1516 3033 iohannis
1528 2963 1587 3057 qui
1599 2961 1786 3036 nominatur
1802 2963 1874 3036 ruri
1889 2963 2020 3036 mundo.
2042 2962 2128 3034 etde
2143 2961 2209 3034 alio
2239 2963 2241 2971 '
2257 3055 2261 3058 ,

790 3092 888 3164 latere
912 3099 996 3165 tura
1019 3089 1151 3162 heredes
1175 3089 1298 3163 domini
1321 3089 1418 3185 sergii
1442 3090 1483 3162 de
1506 3089 1637 3162 domina
1659 3090 1771 3162 brieta.
1795 3099 1830 3162 et
1852 3091 1887 3162 in
1910 3088 2108 3186 aliquantum
2122 3097 2209 3162 terra
2341 3119 2344 3123 ·

741 3205 748 3214 ’
788 3219 875 3297 leoni
897 3220 956 3316 qui
980 3219 1168 3291 nominatur
1191 3217 1266 3292 oclu
1288 3217 1410 3292 rosulu.
1443 3225 1476 3291 et
1503 3217 1545 3290 de
1568 3241 1635 3290 uno
1658 3219 1762 3313 eapite
1793 3221 1848 3293 via
1878 3217 2070 3315 publicium.
2105 3229 2139 3289 et
2168 3219 2207 3290 de

790 3343 855 3415 alio
879 3342 982 3436 capite
1005 3343 1137 3414 coheret
1160 3349 1246 3412 terra
1269 3341 1403 3414 iohanni
1427 3350 1461 3411 et
1483 3343 1568 3436 petri
1585 3342 1644 3438 qui
1666 3344 1852 3428 nominatur
1873 3345 1914 3416 de
1931 3343 2055 3415 iennari
2078 3343 2118 3416 de
2133 3357 2208 3416 me·

790 3475 916 3544 morato
947 3465 1022 3534 loco
1057 3465 1098 3534 ad
1130 3474 1307 3538 memorata
1340 3471 1426 3532 terra
1458 3473 1564 3534 restra
1596 3463 1632 3536 in
1655 3487 1727 3538 mea
1756 3466 1901 3562 meisque
1924 3465 2097 3538 heredibus
2126 3477 2221 3540 esset.

790 3597 979 3688 potestatem
1001 3587 1057 3660 illa
1079 3585 1245 3659 laborandi
1268 3595 1300 3656 et
1322 3609 1380 3680 per
1404 3585 1494 3657 omni
1518 3609 1622 3659 annue
1641 3587 1854 3694 semminandi
1878 3596 1912 3660 et
1935 3585 2087 3662 cultandi.
2107 3600 2140 3665 et
2164 3591 2205 3662 de

790 3715 875 3805 ipsas
908 3709 1030 3807 nagia
1060 3710 1196 3782 faciendi
1220 3709 1328 3783 omnia
1360 3733 1425 3808 que
1456 3707 1656 3783 voluerimus
1689 3712 1773 3785 unde
1788 3711 1920 3787 ‚nullam
1950 3723 2075 3809 partem
2113 3715 2206 3790 nobis

790 3839 972 3935 nostrisque
994 3837 1165 3912 heredibus
1189 3840 1307 3912 exinde
1330 3863 1397 3912 non
1420 3840 1559 3936 querulis
1582 3862 1641 3934 per
1665 3843 1793 3916 nullum
1815 3843 1960 3916 modurn
1983 3845 2206 3919 tantummodo

788 3986 852 4058 ego
876 3973 909 4034 et
929 3962 1068 4058 propriis
1085 3961 1166 4036 meis
1184 3962 1359 4036 heredibus
1381 3962 1567 4036 hominibus
1583 3965 1754 4037 memorati
1779 3967 1879 4041 vestri
1895 3968 2091 4042 monrderii.
2115 3967 2206 4041 rolris

789 4089 1011 4185 posterisquer
1036 4094 1151 4170 restris
1174 4098 1207 4161 et
1229 4099 1262 4160 at
1284 4101 1463 4164 memorato
1486 4101 1596 4163 sancto
1618 4103 1728 4168 restro
1751 4097 1944 4168 monasterio
1959 4119 2017 4192 pcr
2030 4098 2121 4170 omni
2145 4119 2208 4170 au-
2243 4165 2246 4170 .

792 4233 857 4280 nne
881 4210 998 4280 exinde
1022 4209 1121 4282 hocto
1145 4209 1215 4282 dies
1239 4219 1313 4281 ante
1336 4211 1539 4286 festivitdem
1551 4217 1721 4288 memorati
1743 4218 1846 4292 suncti
1858 4217 2028 4294 sebastiani
2051 4223 2127 4294 dure
2143 4225 2207 4310 de-

565 4355 578 4378 ·
630 4353 633 4366 “
679 4365 689 4382 ν
792 4332 984 4405 beamus'in
1007 4355 1087 4404 auro
1111 4338 1182 4404 tare
1205 4355 1308 4406 unum
1331 4331 1463 4409 bonum.
1487 4338 1557 4412 sine
1587 4342 1688 4414 omni-
1715 4342 1976 4416 ammoricatione
1998 4342 2096 4414 nichil
2120 4345 2206 4440 plus.

680 4475 684 4486 ·
789 4465 823 4528 et
846 4459 917 4528 non'
934 4454 1077 4528 habeatis
1100 4457 1266 4532 licentiam
1289 4480 1347 4534 ros
1363 4458 1428 4529 aud
1449 4461 1586 4553 posteris
1600 4464 1717 4537 restris
1732 4487 1791 4538 nee
1806 4475 1988 4539 memorato
2003 4475 2111 4538 restro
2125 4473 2205 4538 mo'-

789 4585 928 4657 nestorio
950 4583 1034 4656 mihi
1056 4587 1201 4684 meisque
1223 4589 1363 4684 propriis
1378 4581 1550 4664 heredibus
1564 4589 1737 4688 aliquando
1754 4601 1901 4688 tempore
1924 4593 1996 4664 illos
2019 4593 2135 4666 tollere
2148 4615 2207 4690 per

794 4707 920 4781 nullum
943 4709 1087 4786 modum.
1112 4719 1146 4782 et
1167 4733 1228 4784 nee
1250 4733 1313 4808 ego
1335 4719 1395 4784 nec
1410 4713 1492 4786 meis
1514 4715 1656 4809 propriis
1670 4713 1843 4788 heredibus
1856 4715 2036 4790 nullatenus
2051 4690 2205 4812 presum—
2348 4775 2351 4781 .

789 4834 909 4910 ruimus
924 4838 985 4917 aud
1000 4840 1149 4918 &amus
1172 4838 1333 4915 brendam
1345 4839 1517 4936 aliquando
1532 4850 1677 4938 tempm
1699 4841 1773 4918 illos
1789 4843 1888 4919 ancui
1913 4847 2049 4921 rendere
2068 4871 2129 4922 nec
2143 4867 2211 4917 ce-
