4896 6522
309 1081 330 1178 1
364 1084 401 1156 10
424 1081 557 1154 nomine
580 1077 706 1152 domini
728 1077 780 1152 dei
803 1077 974 1150 salvatoris
997 1076 1101 1150 nostri
1122 1076 1217 1150 ihesu
1232 1077 1350 1150 Christi
1366 1079 1545 1178 Imperanta
1568 1081 1633 1152 do·
1726 1085 1787 1159 An.

214 1213 306 1298 mino
329 1219 441 1284 nostro
464 1203 579 1278 basilio
611 1227 730 1302 magno
758 1203 955 1319 imperatore
987 1225 1072 1276 anno
1105 1205 1384 1300 quinquagesimo
1407 1207 1544 1302 quinto:
1578 1209 1632 1280 sed
1712 1219 1817 1284 1014.

212 1345 248 1408 et
262 1332 465 1406 constantino
480 1329 579 1403 irater
593 1329 664 1404 eina
678 1351 796 1424 magno
810 1327 1005 1422 imperatore
1021 1351 1104 1410 anno
1120 1329 1400 1424 quinquagesimo
1415 1331 1567 1404 secundo:
1581 1331 1633 1404 die

211 1459 385 1538 undecima
400 1455 517 1528 mensis
532 1453 722 1548 septembris
736 1453 913 1524 indictione
926 1451 1142 1546 tertiadecima
1167 1452 1315 1544 neapoli:
1334 1455 1547 1534 Definivimus
1573 1479 1632 1528 nos

210 1583 318 1656 cicino
334 1589 367 1654 et
379 1577 534 1676 stephano
556 1575 717 1674 germanis
740 1573 815 1647 filiis
839 1574 924 1646 idem
949 1573 1054 1646 cicini.
1071 1583 1103 1646 et
1118 1575 1253 1646 donadei
1270 1559 1344 1649 ¹tilio
1368 1579 1531 1672 quondam
1547 1582 1631 1674 petri

212 1711 368 1806 adoptibo
389 1707 458 1786 ilio
484 1728 577 1796 seutn
601 1727 722 1800 genero
744 1703 916 1776 memorati
930 1703 1026 1776 cicini
1050 1704 1107 1800 qai
1131 1703 1192 1776 tuit
1215 1703 1284 1775 filio
1308 1706 1472 1798 quondam
1496 1706 1627 1780 iohanni

206 1839 329 1911 tinioso
353 1844 386 1908 et
407 1834 547 1908 iohanne
570 1831 638 1906 lilio
661 1833 789 1928 sparani
812 1831 869 1927 qui
893 1831 954 1904 tuit
961 1879 1253 1904 .............
1260 1853 1339 1904 oso:
1365 1841 1397 1902 et
1420 1831 1538 1904 donato
1561 1834 1628 1908 filio

203 1961 371 2058 quondam
397 1957 484 2032 leoni
508 1958 568 2052 qui
590 1958 653 2030 tuit
674 1955 745 2030 filio
769 1960 932 2051 quomam
956 1955 1088 2028 iohanni
1112 1954 1174 2028 hoc
1200 1965 1248 2026 est
1272 1957 1421 2030 exadelfis
1444 1979 1534 2030 soum
1564 1982 1629 2060 oo-

202 2085 321 2181 gnatis.
347 2105 407 2158 nos
430 2081 602 2158 memorati
626 2077 733 2156 cicino
758 2078 959 2174 etstephann
979 2089 1012 2148 et
1028 2079 1163 2153 donadei
1181 2101 1241 2172 pro
1266 2079 1353 2150 vices
1380 2093 1502 2172 nostras
1517 2095 1550 2154 et
1564 2106 1625 2178 pro

203 2214 277 2286 vioe
301 2209 434 2289 iohanni
458 2219 491 2286 et
514 2207 694 2304 ioaquinthi
720 2207 883 2304 germanis
905 2207 1033 2281 nostris
1051 2217 1083 2280 et
1101 2206 1310 2278 abitatoribus
1330 2207 1363 2278 in
1379 2205 1452 2279 loco
1476 2210 1533 2304 qui
1558 2232 1625 2281 no-

203 2341 351 2416 minatur
372 2339 576 2424 catinianum
599 2335 765 2411 territorio
788 2334 1004 2408 cimitirense:
1026 2334 1146 2406 iterum
1171 2345 1204 2404 et
1226 2357 1286 2406 nos
1310 2332 1444 2408 honines
1479 2343 1624 2430 parentes

205 2475 242 2538 et
265 2474 430 2536 consortes
452 2485 517 2536 noa
541 2487 616 2539 cum
640 2483 830 2536 consensum
855 2469 890 2530 ot
909 2460 1120 2532 volumtatem
1144 2459 1266 2530 domini
1291 2461 1404 2530 cesarii
1431 2471 1463 2532 et
1487 2461 1615 2534 domina

200 2589 318 2662 orania
354 2611 446 2668 soum
476 2591 577 2664 maria
602 2591 744 2664 honestis
767 2579 896 2664 semriris
918 2585 983 2659 hoo
1006 2583 1056 2656 esl
1078 2583 1241 2676 manis
1265 2583 1332 2656 filio
1355 2593 1389 2656 et
1413 2585 1494 2655 filias
1517 2605 1622 2680 qnon-

196 2715 276 2788 dam
301 2713 425 2786 domini
459 2715 576 2788 marini
599 2716 639 2788 de
663 2715 794 2811 appium
832 2711 1022 2788 siveetiam
1045 2716 1178 2784 etcum
1215 2721 1406 2784 consensum
1431 2717 1463 2782 at
1486 2709 1619 2784 volum·

192 2845 296 2912 tatem
314 2839 439 2930 domini
457 2840 593 2916 iohanni
610 2851 643 2914 et
658 2864 752 2914 maru
766 2838 899 2912 honesta
913 2833 1021 2930 puella
1033 2832 1167 2906 uterinis
1181 2831 1342 2928 germanis
1366 2835 1439 2908 filiis
1453 2835 1616 2931 quondam

195 2963 325 3036 domini
351 2934 495 3040 ioltanni¹
507 2965 701 3036 boccatorti:
717 2975 750 3036 et
767 2960 931 3058 quondam
955 2959 1087 3032 domina
1100 2956 1322 3028 theodonanda
1337 2956 1472 3030 honesta
1497 2959 1616 3032 femina

187 3087 359 3182 iugalibus
388 3089 481 3161 cuius
504 3109 564 3160 nos
587 3088 745 3181 ospitibtm
777 3085 889 3158 censiti
926 3105 1096 3156 summus:
1133 3067 1309 3154 memora'ta
1342 3081 1471 3154 domina
1501 3087 1614 3156 orania

184 3215 330 3288 honesta
352 3213 472 3284 femina
494 3235 560 3286 nna
584 3235 661 3286 oum
683 3235 875 3286 consensum
899 3213 1025 3284 domini
1047 3209 1179 3282 iohanni
1202 3208 1371 3284 harboocia
1395 3213 1458 3286 viri
1483 3213 1556 3287 sui:
1584 3223 1616 3286 et

183 3344 370 3408 memorata
394 3333 524 3406 domina
548 3337 647 3408 maria
671 3336 804 3408 honesta
827 3338 946 3408 lomina
971 3361 1035 3408 una
1059 3359 1135 3410 oum
1162 3358 1353 3408 consensum
1381 3337 1506 3408 domini
1540 3361 1611 3410 rna-

180 3457 259 3533 rini
270 3459 309 3529 de
320 3457 452 3530 domino
466 3459 525 3530 eali
540 3460 603 3533 riri
618 3463 681 3532 sui:
700 3460 869 3542 vobiscum
881 3461 1020 3554 deniqne
1036 3461 1168 3532 domino
1183 3461 1326 3554 pancrati
1337 3461 1511 3533 venerabili
1527 3483 1611 3557 ygu-

176 3605 287 3656 meno
308 3583 493 3672 monasterii
516 3592 701 3656 sanctorum
724 3584 821 3678 sergii
845 3595 879 3656 et
900 3583 996 3654 bachi
1011 3585 1069 3678 qni
1085 3607 1171 3658 nnnc
1198 3597 1411 3683 congregatus
1427 3611 1461 3662 es
1479 3589 1514 3660 in
1529 3611 1607 3660 mo-
1739 3581 1745 3594 ’

175 3710 328 3782 mosterio
350 3715 534 3780 sanctorum
558 3707 705 3783 theodori
731 3717 763 3780 et
786 3709 955 3784 sebastiani
979 3710 1037 3805 qui
1062 3711 1240 3805 appellatur
1263 3712 1417 3808 casapicta
1447 3712 1547 3786 sitnm
1571 3714 1605 3786 in

172 3833 352 3916 biridiario
385 3843 418 3904 et
450 3843 566 3906 cuncta
598 3843 705 3906 vestra
723 3835 1016 3930 congregationem
1039 3833 1273 3906 monachorum
1295 3837 1465 3906 memorati
1488 3839 1600 3909 sancti

170 3974 205 4038 et
233 3960 433 4040 venerabilis
455 3960 556 4036 smtri
579 3961 787 4034 monasterii:
822 3963 863 4034 de
895 3963 1137 4035 altercationem
1170 3961 1342 4056 quainter
1365 3983 1424 4032 nos
1448 3960 1598 4034 aluimus

169 4101 316 4186 propter
337 4089 427 4162 finita
449 4091 506 4182 qni
530 4099 579 4162 est
602 4093 686 4162 inter
708 4089 832 4183 corigia
854 4100 964 4164 nostra
985 4091 1026 4162 de
1043 4099 1128 4162 terra
1145 4099 1178 4162 et
1191 4089 1275 4162 inter
1298 4089 1435 4162 casalem
1450 4099 1596 4162 cestrum

166 4219 232 4310 qni
259 4225 312 4286 est
335 4213 370 4285 in
394 4223 537 4285 montem
560 4215 774 4306 pandonem
797 4217 969 4288 memorati
992 4216 1092 4288 vestri
1116 4214 1303 4288 monasterii
1329 4215 1388 4312 qui
1412 4213 1597 4286 nominatur

166 4345 342 4416 urbanum
365 4340 424 4434 qui
450 4349 482 4412 et
506 4351 540 4412 at
562 4340 678 4412 lamma
703 4341 831 4412 dicitur.
857 4343 915 4434 qui
938 4345 1070 4419 coherat
1092 4341 1125 4416 at
1140 4355 1353 4418 memoratum
1373 4343 1518 4418 inclitum
1545 4368 1598 4416 ca·

163 4470 278 4542 solem
304 4477 337 4538 et
360 4475 505 4544 montem
529 4466 563 4538 in
587 4489 653 4538 uno
676 4464 848 4538 orandam
871 4487 889 4533 o
913 4477 1004 4558 parte
1026 4467 1200 4540 occidentis
1224 4479 1272 4540 est
1288 4469 1361 4540 ribo
1386 4470 1509 4540 maiora
1538 4470 1596 4562 qui

162 4595 298 4668 exfinat
322 4593 406 4676 inter
429 4589 492 4676 hoc
516 4601 548 4662 et
572 4591 666 4664 terris
689 4601 721 4664 et
744 4599 889 4661 montem
914 4591 954 4662 de
976 4590 1195 4662 homminibus
1218 4592 1473 4682 debareliannm
1498 4601 1529 4662 et
1554 4589 1595 4660 do

160 4723 324 4794 meiana:
348 4729 445 4793 etex
468 4719 531 4792 alio
555 4720 653 4792 latere
676 4728 769 4815 parte
792 4717 923 4792 orientis
947 4727 995 4790 est
1011 4715 1148 4788 casalem
1171 4727 1203 4789 et
1216 4730 1358 4793 montem
1381 4729 1523 4790 s‘estrum
1541 4719 1593 4790 in-

157 4845 270 4918 simul
296 4844 510 4939 pertinentem
526 4843 698 4918 memorati
714 4843 810 4920 vestri
835 4841 1022 4916 monasterii
1037 4853 1069 4916 et
1084 4841 1271 4917 nominatur
1291 4851 1472 4916 maternum
1495 4845 1591 4917 sicuti
