4896 6522
1436 585 1450 680 l
1474 595 1517 654 ⁸⁰
1541 585 1554 678 l

787 738 939 813 iamdicta
961 735 1105 835 pisolrina
1128 761 1192 812 una
1211 760 1288 812 com
1310 739 1419 812 omnia
1444 747 1477 810 et
1499 760 1542 812 ex
1564 735 1673 807 omnia
1696 745 1874 806 memorata
1889 732 2061 806 mancias
2086 737 2209 802 rascas

790 865 832 940 da
854 845 1032 940 memorate
1055 866 1203 963 portione
1226 867 1284 962 qui
1307 864 1370 938 luit
1391 861 1560 935 memorati
1593 861 1758 959 quondam
1780 855 1916 934 iobanni
1940 857 2121 957 presbyteri
2144 855 2208 928 abii

791 992 856 1065 mei
879 1013 938 1086 per
961 990 1077 1086 qnobis
1099 989 1235 1062 modurn
1258 987 1490 1084 pertinentibus
1513 986 1602 1061 etin
1627 1011 1700 1060 maa
1722 986 1830 1061 cuntis
1854 983 1971 1059 dicbus
1993 983 2059 1058 rite
2078 1005 2150 1056 mae
2168 981 2227 1054 sit*

795 1123 952 1209 potestate
975 1114 1105 1188 tenendi
1127 1122 1160 1186 et
1182 1111 1368 1184 dominandi
1398 1135 1491 1185 scum
1514 1113 1675 1208 trogiandi
1697 1122 1730 1187 et
1752 1113 1793 1186 de
1818 1113 1903 1209 ipsas
1926 1110 2048 1208 rmgto
2071 1107 2210 1184 octenni

795 1235 914 1312 exinde
945 1241 1055 1312 omnia
1078 1259 1142 1333 que
1165 1235 1389 1309 noluerimus:
1423 1248 1457 1310 at
1488 1236 1519 1310 si
1548 1237 1679 1334 aliquod
1704 1237 1825 1312 ibidem
1849 1237 2001 1312 offertum
2023 1233 2078 1309 rel
2098 1234 2210 1307 datum

795 1365 895 1440 lucris
918 1366 987 1438 slve
1012 1389 1032 1436 a
1056 1363 1180 1438 viribus
1203 1363 1257 1443 ‚vcl
1279 1389 1298 1437 a
1321 1364 1514 1439 mulieribus
1536 1365 1564 1440 si
1586 1367 1687 1439 fueris
1709 1365 1830 1438 mobile
1852 1366 1888 1438 in
1911 1387 1983 1437 mea
2002 1363 2212 1458 aitpotestsba

793 1483 932 1566 laciendi
955 1515 1021 1588 qne
1046 1491 1268 1568 volucrimus:
1292 1495 1321 1568 si
1336 1505 1444 1568 autem
1461 1493 1653 1569 inmobilem
1672 1493 1771 1576 brerit
1784 1503 1840 1566 aut
1855 1502 1955 1566 terras
1970 1491 2023 1564 rcl
2038 1487 2101 1562 talc
2115 1508 2209 1563 cansa

792 1641 854 1716 pro
876 1619 1126 1694 lenimentum
1162 1622 1203 1692 aa
1235 1607 1413 1692 memorata
1448 1619 1579 1694 missia
1603 1619 1668 1692 vite
1690 1641 1763 1692 mee
1785 1619 1821 1691 in
1842 1641 1914 1691 mea
1936 1617 1978 1690 stc
1998 1624 2157 1712 pomtao
2179 1623 2212 1688 et

796 1753 870 1840 poet
891 1765 1002 1816 meum
1028 1743 1157 1816 obitum
1181 1753 1343 1816 remaneat
1357 1745 1392 1819 in
1406 1753 1583 1824 memorata
1599 1743 1732 1820 ecclesia
1751 1753 1785 1816 et
1800 1743 1891 1815 omni
1906 1763 2012 1814 mnne
2029 1763 2094 1838 ego
2107 1738 2210 1813 ornt'n

722 1917 729 1924 -
795 1869 910 1943 dicbus
935 1871 1002 1942 rite
1027 1891 1097 1940 mee
1122 1867 1216 1940 vobis
1240 1869 1418 1962 vestrisque
1440 1870 1576 1963 poster-is
1599 1879 1633 1943 et
1648 1867 1683 1941 in
1698 1877 1879 1943 memorato
1892 1874 2003 1941 vestm
2017 1864 2210 1940 monastario

752 2047 757 2056 ·
797 1995 873 2069 darc
897 2007 930 2068 at
955 1995 1095 2090 dirigere
1130 1995 1303 2068 debeamus
1333 1995 1455 2070 oblatos
1477 1999 1567 2095 paria
1589 2007 1658 2071 trea
1680 2019 1784 2072 nnnm
1805 1996 1842 2069 ln
1864 1993 2063 2068 nativitatem
2085 1991 2212 2067 domini

796 2127 829 2190 et
856 2118 957 2192 alium
982 2117 1017 2189 in
1039 2119 1271 2190 resurrectione
1293 2119 1441 2192 domini:
1467 2141 1560 2194 soum
1581 2131 1616 2194 et
1638 2119 1738 2193 alium
1755 2118 1932 2214 ponamin
1948 2115 2118 2190 lesb'ritate
2133 2135 2211 2188 ms·
2275 2101 2280 2114 ’

796 2256 924 2319 morata
947 2247 1079 2320 ecclesia
1102 2253 1208 2318 sancte
1230 2243 1365 2319 inliancs
1387 2249 1456 2321 sine
1479 2247 1570 2322 omni
1592 2248 1840 2320 amaricationes
1866 2256 1900 2320 et
1914 2267 1980 2318 non
1995 2243 2088 2317 abeas
2102 2239 2208 2315 lican-

798 2371 884 2442 tiam
908 2395 970 2466 ego
993 2371 1098 2443 cuntis
1121 2369 1234 2444 allebns
1255 2371 1322 2443 rite
1344 2393 1416 2446 mee
1440 2391 1483 2448 cx
1506 2371 1590 2468 ipsas
1604 2371 1775 2446 sexuncias
1789 2379 1910 2443 vestras
1924 2368 2056 2464 aliquod
2070 2365 2208 2442 rendere

799 2501 858 2564 aut
880 2493 992 2564 cedere
1015 2492 1067 2565 vol
1090 2492 1217 2566 offerire
1240 2501 1296 2564 aut
1317 2492 1352 2564 in
1366 2495 1485 2592 pignus
1500 2517 1681 2592 supponere
1693 2517 1754 2592 per
1767 2491 1894 2567 nullum
1908 2491 2065 2566 modumr
2089 2489 2208 2563 itettrm

797 2637 865 2687 nec
889 2635 948 2686 ros
972 2623 1027 2684 ant
1049 2615 1185 2710 poster⁰n
1223 2617 1338 2689 restris
1367 2619 1423 2692 rcl
1453 2629 1633 2694 memorato
1666 2629 1776 2694 sancto
1806 2627 1917 2694 verbo
1929 2615 2123 2692 monetam
2144 2637 2210 2688 non
2303 2639 2313 2650 ·

798 2739 917 2812 abestis
939 2737 1101 2824 licentiam
1124 2741 1230 2814 cuntis
1254 2742 1367 2818 dicbus
1389 2745 1456 2820 vite
1478 2769 1551 2820 mee
1573 2745 1646 2820 illos
1667 2745 1780 2820 tollere
1802 2753 1859 2818 ant
1881 2745 1999 2822 exinde
2014 2744 2132 2816 iactare
2147 2763 2207 2814 nec

798 2866 889 2964 qnod
915 2865 995 2940 abm't
1016 2867 1163 2963 quolivct
1185 2871 1385 2944 sacerdotem
1407 2871 1461 2945 vel
1483 2871 1640 2946 Meum
1655 2871 1711 2944 iot
1725 2869 1923 2945 monachum
1937 2869 1989 2944 val
2003 2867 2080 2942 alias
2094 2869 2212 2965 queris

800 3011 955 3086 personas
984 3012 1083 3086 snper
1113 3013 1166 3063 ma
1196 2991 1317 3068 ibidem
1347 3015 1468 3086 ponera
1490 3016 1548 3088 pcr
1572 2991 1700 3065 nubum
1722 2993 1858 3066 modum
1879 2991 1983 3064 cuntis
2005 2989 2119 3066 dicbus
2142 2991 2212 3062 rite
2276 3087 2280 3092 Ι

722 3187 728 3200 ,
800 3138 897 3190 maes
921 3127 993 3214 post
1018 3126 1126 3191 autern
1149 3143 1260 3194 mcum
1283 3121 1453 3194 transitum
1477 3121 1512 3194 in
1534 3129 1641 3193 vetra
1663 3119 1842 3216 vcsbmqw
1863 3118 1999 3216 posteris
2021 3115 2112 3194 etde
2133 3137 2212 3190 me-

799 3247 925 3314 morato
939 3249 1048 3312 sancto
1063 3249 1096 3312 ct
1110 3239 1285 3313 venerabili
1302 3251 1409 3314 rmbn
1423 3241 1619 3315 monasterio
1633 3239 1834 3314 rebcrtantnr
1848 3249 2004 3337 potestate
2017 3261 2093 3314 cnm
2107 3239 2212 3310 omni·
2303 3272 2309 3288 ‚

800 3359 861 3438 bus
884 3359 947 3434 siri
970 3363 1203 3456 pcrtinentibus
1225 3363 1318 3438 cuius
1341 3363 1412 3439 inre
1436 3389 1497 3439 exe
1511 3363 1649 3438 rideris:
1672 3363 1810 3462 quisita
1824 3363 1917 3436 nobis
1931 3363 2076 3459 placuit:
2101 3360 2210 3436 Sinu-

799 3497 866 3560 tam
890 3487 981 3560 elitar
1004 3489 1174 3562 fecerimus
1197 3489 1237 3564 de
1258 3491 1310 3566 bis
1328 3493 1479 3566 omnibns
1494 3493 1679 3580 memoretis
1695 3513 1752 3588 per
1765 3489 1881 3588 qrrobia
1894 3489 2029 3562 modum
2043 3496 2100 3560 ant
2113 3509 2211 3565 sum·

801 3613 913 3686 missas
936 3637 1087 3708 personas
1112 3629 1186 3690 tunc
1209 3639 1271 3712 ego
1294 3619 1399 3692 cuntis
1422 3616 1534 3694 dicbus
1563 3617 1633 3694 ¹trito
1660 3637 1732 3690 mcc
1755 3611 1847 3688 robis
1870 3614 2050 3710 nonoque
2072 3614 2209 3709 posteris

801 3743 834 3810 ct
855 3734 890 3806 in
913 3747 1091 3812 memorato
1111 3747 1220 3816 sancto
1244 3749 1352 3815 vestm
1375 3737 1567 3812 monasterio
1590 3735 1804 3846 emissuros,
1825 3733 1944 3831 viginti
1957 3733 2160 3836 bytbianteos
2176 3748 2210 3813 ct

801 3885 838 3936 cc
862 3861 1007 3942 clientula
1029 3866 1237 3946 ordinationis
1260 3879 1297 3940 ut
1319 3889 1417 3962 snper
1439 3865 1556 3961 legitur
1579 3865 1621 3940 ait
1644 3867 1737 3951 firma
1760 3865 1878 3962 mrinta
1888 3917 1890 3922 ,
1901 3887 1960 3962 per
1976 3887 2089 3953 manos
2104 3865 2204 3960 sergii

800 3986 948 4064 clotarii
979 4013 1038 4096 per
1069 4005 1246 4098 memorata
1277 3995 1450 4072 indictione
1472 3995 1504 4093 †
1526 4007 1560 4068 et
1582 4018 1622 4068 oc
1644 3995 1814 4090 memorati
1842 4017 1956 4078 snmus
1976 3965 2023 4080 ud
2045 4003 2078 4067 at
2099 4017 2210 4078 mcum

800 4114 925 4190 obitum
947 4116 983 4190 in
1005 4131 1180 4206 memorata
1204 4119 1338 4204 ecclesia
1361 4119 1441 4194 dara
1465 4133 1498 4200 et
1520 4122 1678 4222 reliquere
1701 4121 1872 4206 debeamtrs
1894 4144 1959 4210 rnna
1980 4121 2209 4218 masculinos

802 4265 878 4316 cum
902 4247 1046 4324 orarium
1068 4269 1166 4320 suum
1189 4257 1223 4318 et
1246 4248 1344 4322 calice
1369 4259 1515 4330 sanctum
1538 4249 1580 4324 ale
1600 4225 1758 4344 'stagnum¹
1775 4271 1853 4324 cum
1873 4249 1982 4348 patina
2004 4273 2079 4334 snat

896 4375 927 4472 †
954 4402 1016 4474 ago
1039 4391 1149 4474 petrus
1172 4379 1339 4477 presbyter
1362 4379 1537 4478 subscripsi
1558 4381 1591 4478 †

895 4503 926 4603 †
950 4507 1033 4602 Ego-
1052 4509 1223 4602 stephaniae
1247 4509 1451 4582 soriniarirrs:
1477 4509 1565 4582 testis
1589 4508 1759 4603 subscripsi
1782 4507 1860 4604 †'

895 4634 927 4729 †
951 4661 1013 4732 ego
1036 4639 1204 4732 gregorius
1228 4637 1314 4710 filius
1339 4639 1463 4710 domini
1486 4637 1614 4709 mastali
1637 4635 1960 4734 toti‘snbrcn’pat†
2063 4690 2066 4699 ·

897 4762 928 4856 †
949 4767 1022 4860 Ego
1045 4769 1213 4862 gregorius
1231 4767 1425 4840 scriniarium
1444 4765 1533 4837 testis
1547 4764 1764 4862 subscripsi†
2031 4775 2036 4784 '

895 4890 922 4983 †
950 4891 1022 4986 Ego
1044 4897 1168 4990 sergius
1199 4895 1372 4976 tabularius
1399 4891 1566 4986 compleri
1592 4903 1625 4964 ct
1648 4892 1769 4966 absolvi
1793 4915 1852 4986 par
1875 4905 2052 4967 memorata
2076 4903 2214 4992 qmrta-

802 5017 924 5092 decima
946 5018 1120 5092 indictione
1139 5019 1171 5114 †
