4934 6532
1445 595 1589 688 (312)

815 749 952 846 pignere
977 751 1121 846 legitima
1136 757 1171 822 st
1185 749 1355 842 illegitima
1380 767 1588 842 quecumque
1609 748 1673 822 iilis
1690 752 1892 854 ubicumque
1912 763 2057 846 inbenire
2075 782 2245 868 potuerint

811 879 880 954 sine
905 877 1066 950 calumnia
1098 876 1202 948 donee
1234 875 1390 948 faciamus
1413 897 1473 947 nos
1497 875 1561 948 illis
1585 879 1751 974 complere
1772 887 1886 960 omnia
1910 896 2052 987 predicta
2076 903 2160 976 siout
2183 909 2241 980 le-

811 1005 898 1096 gitur
921 1021 1026 1094 supra.
1051 999 1095 1070 Et
1117 998 1205 1072 bunc
1229 997 1330 1071 brebe
1346 997 1472 1072 scribsit
1490 999 1617 1074 Pondus
1633 1002 1791 1080 diaconus
1808 1019 1840 1086 et
1858 1019 2003 1092 notarius
2020 1024 2078 1118 qni
2095 1025 2241 1104 interfuit

905 1127 978 1217 Ego
1001 1123 1205 1198 ornamina

908 1253 979 1347 tngo
1004 1253 1071 1326 trel
1094 1254 1183 1326 tertis
1207 1255 1255 1326 fui
1493 1319 1496 1328 „

906 1374 1012 1476 relos
1036 1367 1197 1478 aienses
1218 1407 1346 1480 muro
1369 1393 1549 1484 'surrentrt

1408 1751 1657 1828 COELXXXIV.

907 2025 1000 2119 †tn
1025 2023 1155 2096 nomine
1187 2021 1312 2096 domini
1346 2021 1448 2094 nostri
1474 2021 1566 2093 ibesn
1591 2018 1713 2094 ebrini
1739 2024 1871 2098 domino
1897 2031 2098 2103 constantino
2122 2033 2231 2104 divina

809 2151 911 2248 gratia
936 2151 1130 2245 imperatore
1154 2157 1302 2243 aufflrsto.
1327 2147 1390 2220 deo
1413 2149 1574 2242 propitius
1597 2157 1714 2242 quarto
1738 2171 1822 2221 anno
1850 2153 1984 2246 imperii
2002 2157 2075 2226 eius
2089 2159 2232 2230 sanctir-

809 2276 910 2347 simus
941 2283 1047 2346 noster
1079 2273 1261 2366 imperator.
1296 2271 1405 2343 diense
1438 2272 1609 2344 deosmber
1642 2273 1735 2344 tertia
1766 2274 1889 2347 decima
1921 2276 2127 2352 indictionee
2155 2283 2228 2377 Ego

808 2413 920 2494 petrus
943 2397 1109 2493 presbyter
1134 2395 1219 2466 titius
1243 2392 1374 2464 iohanni
1399 2393 1457 2489 qui
1481 2417 1555 2467 sum
1579 2405 1798 2468 commorator
1821 2397 1858 2468 in
1880 2398 2008 2470 civitate
2022 2411 2134 2473 monte
2150 2427 2230 2475 eor-

806 2529 895 2602 bino.
919 2523 1095 2596 austasio
1120 2523 1198 2618 quir
1215 2520 1319 2594 babeo
1335 2521 1433 2595 rebus
1449 2511 1561 2594 stabile
1584 2531 1617 2594 et
1635 2523 1755 2596 mobile
1771 2525 1858 2598 intus
1874 2527 2003 2600 civitate
2018 2538 2132 2600 monta
2150 2553 2229 2602 eor-

804 2656 884 2726 bioo
907 2661 939 2724 et
963 2649 1049 2724 insra
1073 2649 1192 2722 finibus
1224 2651 1360 2746 eiusque
1395 2649 1478 2722 mibi
1512 2651 1653 2746 pertinet
1684 2675 1741 2748 per
1770 2655 1893 2726 oartnia
1917 2655 2113 2730 venditionis
2137 2663 2224 2755 quod

805 2782 889 2876 apud
913 2801 966 2850 sne
990 2777 1115 2850 firmate
1139 2784 1287 2848 mtenem
1319 2784 1351 2848 ot
1375 2773 1409 2847 io
1434 2777 1502 2872 ipsa
1529 2775 1626 2848 robus
1643 2799 1715 2848 mea
1731 2777 1819 2872 quod
1835 2777 1938 2848 babeo
1953 2783 2138 2878 propinquo
2155 2786 2225 2878 ipsa

803 2909 984 3006 supradicta
1008 2907 1137 2980 civitate
1160 2914 1270 2978 monte
1293 2905 1429 2976 corbino
1452 2904 1487 2976 in
1511 2915 1602 3001 parte
1627 2906 1775 2978 orientali
1790 2907 1960 2982 eoniunota
1976 2909 2011 2982 in
2025 2912 2124 2985 rebus
2138 2914 2224 2985 beati

804 3042 922 3112 andree
946 3035 1094 3134 apostoli.
1118 3045 1151 3108 et
1173 3036 1209 3110 in
1232 3038 1301 3132 ipsa
1325 3035 1424 3108 rebus
1446 3034 1550 3108 babeo
1582 3037 1756 3109 medietate·
1777 3036 1817 3108 de
1843 3063 1907 3112 una
1931 3040 2064 3114 eeclesia
2089 3045 2225 3139 quide-

803 3169 907 3243 dicata
932 3177 980 3240 est
1005 3169 1039 3241 in
1062 3168 1188 3240 bonore
1214 3165 1299 3238 beati
1318 3163 1449 3238 martini
1469 3164 1664 3240 contessoris
1680 3167 1803 3240 christi.
1821 3193 1897 3244 cum
1916 3171 2087 3256 medietate
2103 3172 2223 3268 deipsa

802 3307 894 3370 curte
918 3297 958 3370 de
982 3295 1052 3390 ipsa
1076 3293 1211 3366 erolesia
1234 3303 1268 3364 st
1291 3289 1325 3363 in
1350 3291 1419 3388 ipsa
1444 3303 1536 3366 curte
1561 3293 1666 3366 habeo
1690 3294 1753 3368 due
1775 3319 1846 3368 ease
1863 3297 1950 3368 eluse
1968 3307 2000 3368 et
2017 3273 2177 3392 ‚conpote
2190 3308 2222 3370 et

800 3425 868 3518 ipsa
892 3422 953 3494 elia
978 3419 1202 3494 rebus'bsboo
1224 3416 1412 3514 propinquo
1436 3418 1548 3494 eedem
1574 3419 1706 3494 ecclesia
1731 3431 1763 3492 et
1787 3423 1855 3517 ipse
1880 3422 1942 3492 alia
1965 3422 2049 3516 petia
2072 3423 2112 3493 de
2138 3435 2223 3494 terra

803 3569 867 3642 que
892 3557 941 3616 est
964 3545 1150 3640 propinquo
1174 3543 1271 3615 rebus
1295 3543 1469 3616 benedicti.
1496 3552 1529 3616 et
1551 3545 1620 3640 ipsa
1643 3545 1704 3617 alie
1728 3545 1811 3638 petia
1834 3545 1874 3614 de
1899 3555 1982 3615 terra
2009 3543 2097 3638 qnod
2114 3543 2222 3617 babeo

800 3674 835 3744 in
867 3672 934 3764 ipse
967 3669 1110 3763 partibus
1141 3669 1199 3740 ubi
1230 3671 1303 3744 rivo
1333 3681 1465 3742 mortuo
1499 3669 1615 3742 dicitur
1652 3679 1684 3742 et
1714 3693 1780 3742 uno
1814 3669 1936 3742 molino
1976 3671 2067 3766 quod
2100 3669 2221 3744 ibidem

800 3799 905 3872 babeo
932 3821 1008 3871 eum
1035 3797 1105 3872 atita
1134 3799 1336 3872 consortibus
1369 3805 1449 3874 meis
1485 3811 1521 3876 ut
1556 3799 1618 3895 ipsi
1641 3799 1780 3874 habeant
1799 3809 1866 3871 tres
1887 3801 1966 3872 sorti
1992 3810 2024 3872 et
2049 3823 2111 3898 ego
2136 3801 2211 3872 duo.

800 3939 831 3998 et
863 3928 932 4024 ipse
964 3927 1057 4000 vinos
1088 3927 1178 4024 quod
1208 3923 1314 4002 bebeo
1345 3929 1380 4000 in
1412 3929 1480 4022 ipss
1514 3927 1660 4024 partibus
1695 3927 1751 3998 ubi
1788 3927 1859 3998 rivo
1894 3927 2044 4000 mordaro
2076 3929 2208 4000 dieitur.

797 4068 829 4130 et
863 4081 927 4127 una
960 4079 1033 4130 casa
1063 4055 1153 4130 slusa
1184 4067 1217 4130 et
1246 4063 1400 4152 cooperta
1427 4055 1517 4152 qnod
1553 4054 1658 4126 babeo
1689 4053 1775 4126 intus
1804 4054 1969 4126 civitatem
1998 4065 2108 4127 monte
2138 4079 2214 4126 cor-

793 4187 881 4258 bino.
912 4195 945 4256 et
981 4186 1090 4275 omnia
1118 4193 1421 4285 quantumcumque
1453 4181 1559 4254 babeo
1593 4193 1625 4254 et
1664 4183 1699 4254 in
1731 4191 1820 4253 entoe
1852 4183 2047 4277 conquirere
2082 4191 2215 4276 potuero

792 4311 905 4383 danus
931 4309 997 4379 vite
1030 4331 1110 4382 mee.
1143 4331 1325 4404 congruum
1357 4306 1461 4378 babeo
1489 4303 1620 4376 offerire
1656 4305 1779 4398 integra
1804 4327 1874 4375 mea
1908 4327 2043 4398 persona
2075 4315 2107 4373 et
2140 4327 2213 4371 oum

790 4436 943 4510 iamdicta
968 4425 1099 4508 eeclesia
1124 4447 1157 4510 et
1181 4437 1278 4508 rebus
1301 4435 1398 4508 simui
1423 4457 1499 4506 oum
1525 4435 1592 4527 ipse
1619 4431 1797 4504 monimina
1823 4433 1856 4506 io
1878 4431 2010 4503 ecclesie
2027 4429 2112 4499 beati
2133 4430 2215 4523 petri

789 4567 925 4660 apostoli
949 4568 1026 4665 quia
1049 4565 1191 4660 cogitabi
1215 4563 1303 4636 diem
1327 4563 1440 4636 mortis
1464 4571 1496 4634 et
1519 4569 1632 4634 eterno
1656 4559 1787 4633 iudicio.
1822 4583 1862 4631 ne
1887 4558 1995 4630 subito
2020 4557 2104 4628 mibi
2125 4579 2212 4628 mors

791 4693 954 4764 adveniat.
985 4703 1019 4764 et
1041 4694 1160 4789 absque
1179 4693 1350 4766 locution'n
1365 4693 1496 4789 linguae
1521 4713 1563 4761 ex
1587 4689 1647 4760 har
1672 4689 1739 4760 vita
1764 4687 1905 4760 decedat.
1942 4700 1976 4758 et
2001 4687 2123 4782 absque
2145 4705 2220 4755 rnea

787 4815 997 4906 dispositione
1022 4803 1091 4912 ipsa
1116 4837 1187 4888 rem
1211 4839 1317 4889 msam
1340 4815 1501 4912 possideat
1517 4807 1650 4906 aliquid.
1676 4818 1708 4881 et
1724 4831 1785 4904 pro
1802 4809 1909 4880 anima
1928 4831 1997 4880 mea
2015 4803 2211 4877 non-exinde

787 4945 891 5018 iaciat.
917 4953 1113 5039 quapropter
1138 4945 1280 5038 eogitatt
1303 4945 1344 5019 de
1365 4929 1464 5016 robers
1482 4963 1555 5014 rnen
1570 4937 1746 5010 concedere
1763 4937 1796 5007 in
1814 4941 1878 5008 rita
1889 4963 1969 5010 mea
1984 4947 2019 5009 nt
2037 4919 2104 5006 non
2122 4927 2212 5004 diiu'-
