<?xml version="1.0" encoding="UTF-8"?>
<!DOCTYPE html PUBLIC "-//W3C//DTD XHTML 1.0 Transitional//EN"
    "http://www.w3.org/TR/xhtml1/DTD/xhtml1-transitional.dtd">
<html xmlns="http://www.w3.org/1999/xhtml" xml:lang="en" lang="en">
 <head>
  <title>
</title>
<meta http-equiv="Content-Type" content="text/html;charset=utf-8" />
  <meta name='ocr-system' content='tesseract 3.04.00' />
  <meta name='ocr-capabilities' content='ocr_page ocr_carea ocr_par ocr_line ocrx_word'/>
</head>
<body>
  <div class='ocr_page' id='page_1' title='image "./monumentaeditaa03napogoog_0372.png"; bbox 0 0 4934 6532; ppageno 0'>
   <div class='ocr_carea' id='block_1_1' title="bbox 1404 675 1544 772">
    <p class='ocr_par' dir='ltr' id='par_1_1' title="bbox 1404 675 1544 772">
     <span class='ocr_line' id='line_1_1' title="bbox 1404 675 1544 772; baseline -0.021 -24"><span class='ocrx_word' id='word_1_1' title='bbox 1404 675 1544 772; x_wconf 80' lang='lat' dir='ltr'><strong>(aso)</strong></span> 
     </span>
    </p>
   </div>
   <div class='ocr_carea' id='block_1_2' title="bbox 757 833 2187 2696">
    <p class='ocr_par' dir='ltr' id='par_1_2' title="bbox 757 833 2187 2446">
     <span class='ocr_line' id='line_1_2' title="bbox 757 833 2187 946; baseline 0.002 -24"><span class='ocrx_word' id='word_1_2' title='bbox 757 859 789 922; x_wconf 88' lang='lat' dir='ltr'><strong>et</strong></span> <span class='ocrx_word' id='word_1_3' title='bbox 812 851 963 946; x_wconf 76' lang='lat' dir='ltr'>guadiam</span> <span class='ocrx_word' id='word_1_4' title='bbox 988 845 1047 916; x_wconf 90' lang='lat' dir='ltr'><strong>tibi</strong></span> <span class='ocrx_word' id='word_1_5' title='bbox 1072 843 1218 914; x_wconf 75' lang='lat' dir='ltr'><strong>dedimus</strong></span> <span class='ocrx_word' id='word_1_6' title='bbox 1233 845 1265 907; x_wconf 88' lang='lat' dir='ltr'><strong>et</strong></span> <span class='ocrx_word' id='word_1_7' title='bbox 1281 834 1493 908; x_wconf 69' lang='lat' dir='ltr'><strong>mediatorem</strong></span> <span class='ocrx_word' id='word_1_8' title='bbox 1516 833 1576 906; x_wconf 92' lang='lat' dir='ltr'><strong>tibi</strong></span> <span class='ocrx_word' id='word_1_9' title='bbox 1596 835 1715 912; x_wconf 79' lang='lat' dir='ltr'>exinde</span> <span class='ocrx_word' id='word_1_10' title='bbox 1733 840 1903 931; x_wconf 81' lang='lat' dir='ltr'><strong>posuimus</strong></span> <span class='ocrx_word' id='word_1_11' title='bbox 1922 845 2021 918; x_wconf 87' lang='lat' dir='ltr'><strong>iueosi</strong></span> <span class='ocrx_word' id='word_1_12' title='bbox 2047 851 2187 946; x_wconf 87' lang='lat' dir='ltr'><strong>iaqninti</strong></span> 
     </span>
     <span class='ocr_line' id='line_1_3' title="bbox 760 961 2184 1066; baseline 0.004 -20"><span class='ocrx_word' id='word_1_13' title='bbox 760 977 800 1047; x_wconf 92' lang='lat' dir='ltr'><strong>de</strong></span> <span class='ocrx_word' id='word_1_14' title='bbox 825 977 932 1044; x_wconf 87' lang='lat' dir='ltr'><strong>locum</strong></span> <span class='ocrx_word' id='word_1_15' title='bbox 956 970 1030 1039; x_wconf 87' lang='lat' dir='ltr'><strong>nola</strong></span> <span class='ocrx_word' id='word_1_16' title='bbox 1055 975 1088 1038; x_wconf 87' lang='lat' dir='ltr'><strong>et</strong></span> <span class='ocrx_word' id='word_1_17' title='bbox 1111 988 1171 1060; x_wconf 89' lang='lat' dir='ltr'><strong>pro</strong></span> <span class='ocrx_word' id='word_1_18' title='bbox 1196 967 1262 1058; x_wconf 85' lang='lat' dir='ltr'><strong>ipsa</strong></span> <span class='ocrx_word' id='word_1_19' title='bbox 1288 963 1398 1033; x_wconf 88' lang='lat' dir='ltr'><strong>endem</strong></span> <span class='ocrx_word' id='word_1_20' title='bbox 1418 961 1608 1058; x_wconf 75' lang='lat' dir='ltr'><strong>guadia‘per</strong></span> <span class='ocrx_word' id='word_1_21' title='bbox 1625 963 1865 1040; x_wconf 83' lang='lat' dir='ltr'><strong>combenientia</strong></span> <span class='ocrx_word' id='word_1_22' title='bbox 1880 971 2061 1066; x_wconf 81' lang='lat' dir='ltr'><strong>obligamus</strong></span> <span class='ocrx_word' id='word_1_23' title='bbox 2076 1002 2133 1050; x_wconf 90' lang='lat' dir='ltr'><strong>uos</strong></span> <span class='ocrx_word' id='word_1_24' title='bbox 2150 993 2184 1050; x_wconf 90' lang='lat' dir='ltr'><strong>ct</strong></span> 
     </span>
     <span class='ocr_line' id='line_1_4' title="bbox 759 1085 2180 1194; baseline -0.001 -22"><span class='ocrx_word' id='word_1_25' title='bbox 759 1111 884 1172; x_wconf 81' lang='lat' dir='ltr'><strong>nosnos</strong></span> <span class='ocrx_word' id='word_1_26' title='bbox 914 1091 1049 1164; x_wconf 84' lang='lat' dir='ltr'><strong>heredes</strong></span> <span class='ocrx_word' id='word_1_27' title='bbox 1084 1089 1144 1162; x_wconf 89' lang='lat' dir='ltr'><strong>tibi</strong></span> <span class='ocrx_word' id='word_1_28' title='bbox 1177 1087 1350 1180; x_wconf 76' lang='lat' dir='ltr'><strong>supradicti</strong></span> <span class='ocrx_word' id='word_1_29' title='bbox 1383 1085 1507 1156; x_wconf 90' lang='lat' dir='ltr'><strong>domini</strong></span> <span class='ocrx_word' id='word_1_30' title='bbox 1540 1086 1689 1179; x_wconf 82' lang='lat' dir='ltr'><strong>stepbeni</strong></span> <span class='ocrx_word' id='word_1_31' title='bbox 1719 1091 1898 1165; x_wconf 82' lang='lat' dir='ltr'><strong>venerabili</strong></span> <span class='ocrx_word' id='word_1_32' title='bbox 1922 1095 2031 1166; x_wconf 89' lang='lat' dir='ltr'><strong>abbati</strong></span> <span class='ocrx_word' id='word_1_33' title='bbox 2055 1100 2180 1194; x_wconf 86' lang='lat' dir='ltr'><strong>tuisque</strong></span> 
     </span>
     <span class='ocr_line' id='line_1_5' title="bbox 759 1206 2184 1316; baseline -0.001 -23"><span class='ocrx_word' id='word_1_34' title='bbox 759 1219 896 1316; x_wconf 87' lang='lat' dir='ltr'><strong>posteris</strong></span> <span class='ocrx_word' id='word_1_35' title='bbox 919 1216 954 1286; x_wconf 91' lang='lat' dir='ltr'><strong>in</strong></span> <span class='ocrx_word' id='word_1_36' title='bbox 978 1211 1125 1310; x_wconf 87' lang='lat' dir='ltr'><strong>partibus</strong></span> <span class='ocrx_word' id='word_1_37' title='bbox 1147 1209 1282 1305; x_wconf 77' lang='lat' dir='ltr'><strong>predicti</strong></span> <span class='ocrx_word' id='word_1_38' title='bbox 1307 1207 1494 1278; x_wconf 83' lang='lat' dir='ltr'><strong>monasterii</strong></span> <span class='ocrx_word' id='word_1_39' title='bbox 1516 1206 1578 1280; x_wconf 87' lang='lat' dir='ltr'><strong>bec</strong></span> <span class='ocrx_word' id='word_1_40' title='bbox 1602 1209 1749 1302; x_wconf 85' lang='lat' dir='ltr'><strong>predicta</strong></span> <span class='ocrx_word' id='word_1_41' title='bbox 1772 1223 1881 1286; x_wconf 86' lang='lat' dir='ltr'><strong>nostra</strong></span> <span class='ocrx_word' id='word_1_42' title='bbox 1901 1218 2088 1290; x_wconf 82' lang='lat' dir='ltr'><strong>venditione</strong></span> <span class='ocrx_word' id='word_1_43' title='bbox 2104 1245 2184 1314; x_wconf 85' lang='lat' dir='ltr'><strong>qua-</strong></span> 
     </span>
     <span class='ocr_line' id='line_1_6' title="bbox 761 1330 2184 1434; baseline 0.001 -18"><span class='ocrx_word' id='word_1_44' title='bbox 761 1347 833 1416; x_wconf 85' lang='lat' dir='ltr'><strong>liter</strong></span> <span class='ocrx_word' id='word_1_45' title='bbox 856 1341 1003 1434; x_wconf 85' lang='lat' dir='ltr'><strong>snperius</strong></span> <span class='ocrx_word' id='word_1_46' title='bbox 1017 1337 1137 1432; x_wconf 86' lang='lat' dir='ltr'><strong>legitur</strong></span> <span class='ocrx_word' id='word_1_47' title='bbox 1164 1333 1316 1406; x_wconf 79' lang='lat' dir='ltr'><strong>antisnrc</strong></span> <span class='ocrx_word' id='word_1_48' title='bbox 1331 1341 1363 1404; x_wconf 91' lang='lat' dir='ltr'><strong>et</strong></span> <span class='ocrx_word' id='word_1_49' title='bbox 1379 1333 1549 1405; x_wconf 78' lang='lat' dir='ltr'><strong>defendere</strong></span> <span class='ocrx_word' id='word_1_50' title='bbox 1566 1330 1607 1401; x_wconf 85' lang='lat' dir='ltr'><strong>ab</strong></span> <span class='ocrx_word' id='word_1_51' title='bbox 1624 1334 1778 1407; x_wconf 84' lang='lat' dir='ltr'><strong>omuibus</strong></span> <span class='ocrx_word' id='word_1_52' title='bbox 1801 1337 1991 1414; x_wconf 89' lang='lat' dir='ltr'><strong>bominibus</strong></span> <span class='ocrx_word' id='word_1_53' title='bbox 2010 1343 2053 1414; x_wconf 78' lang='lat' dir='ltr'><strong>ab</strong></span> <span class='ocrx_word' id='word_1_54' title='bbox 2072 1349 2184 1416; x_wconf 90' lang='lat' dir='ltr'><strong>omni-</strong></span> 
     </span>
     <span class='ocr_line' id='line_1_7' title="bbox 764 1459 2185 1566; baseline 0.001 -24"><span class='ocrx_word' id='word_1_55' title='bbox 764 1493 827 1566; x_wconf 86' lang='lat' dir='ltr'><strong>que</strong></span> <span class='ocrx_word' id='word_1_56' title='bbox 851 1468 1005 1564; x_wconf 77' lang='lat' dir='ltr'><strong>partibus</strong></span> <span class='ocrx_word' id='word_1_57' title='bbox 1028 1463 1126 1552; x_wconf 84' lang='lat' dir='ltr'><strong>Quod</strong></span> <span class='ocrx_word' id='word_1_58' title='bbox 1149 1463 1176 1536; x_wconf 84' lang='lat' dir='ltr'><strong>si</strong></span> <span class='ocrx_word' id='word_1_59' title='bbox 1201 1462 1335 1532; x_wconf 87' lang='lat' dir='ltr'><strong>minime</strong></span> <span class='ocrx_word' id='word_1_60' title='bbox 1359 1459 1451 1531; x_wconf 87' lang='lat' dir='ltr'><strong>vobis</strong></span> <span class='ocrx_word' id='word_1_61' title='bbox 1478 1459 1551 1531; x_wconf 90' lang='lat' dir='ltr'><strong>illut</strong></span> <span class='ocrx_word' id='word_1_62' title='bbox 1568 1463 1720 1534; x_wconf 78' lang='lat' dir='ltr'><strong>mussare</strong></span> <span class='ocrx_word' id='word_1_63' title='bbox 1736 1473 1770 1536; x_wconf 89' lang='lat' dir='ltr'><strong>et</strong></span> <span class='ocrx_word' id='word_1_64' title='bbox 1784 1463 1957 1540; x_wconf 77' lang='lat' dir='ltr'><strong>defendere</strong></span> <span class='ocrx_word' id='word_1_65' title='bbox 1981 1475 2185 1564; x_wconf 87' lang='lat' dir='ltr'><strong>potuerimus</strong></span> 
     </span>
     <span class='ocr_line' id='line_1_8' title="bbox 765 1589 2183 1690; baseline 0 -22"><span class='ocrx_word' id='word_1_66' title='bbox 765 1607 821 1670; x_wconf 85' lang='lat' dir='ltr'><strong>sut</strong></span> <span class='ocrx_word' id='word_1_67' title='bbox 843 1598 870 1668; x_wconf 90' lang='lat' dir='ltr'><strong>si</strong></span> <span class='ocrx_word' id='word_1_68' title='bbox 895 1617 954 1667; x_wconf 91' lang='lat' dir='ltr'><strong>nos</strong></span> <span class='ocrx_word' id='word_1_69' title='bbox 980 1594 1041 1690; x_wconf 86' lang='lat' dir='ltr'><strong>ipsi</strong></span> <span class='ocrx_word' id='word_1_70' title='bbox 1066 1615 1123 1686; x_wconf 88' lang='lat' dir='ltr'><strong>per</strong></span> <span class='ocrx_word' id='word_1_71' title='bbox 1146 1589 1263 1686; x_wconf 86' lang='lat' dir='ltr'><strong>quobir</strong></span> <span class='ocrx_word' id='word_1_72' title='bbox 1286 1589 1417 1681; x_wconf 89' lang='lat' dir='ltr'><strong>ingenio</strong></span> <span class='ocrx_word' id='word_1_73' title='bbox 1442 1589 1504 1662; x_wconf 82' lang='lat' dir='ltr'><strong>laoc</strong></span> <span class='ocrx_word' id='word_1_74' title='bbox 1538 1599 1667 1660; x_wconf 87' lang='lat' dir='ltr'><strong>tornare</strong></span> <span class='ocrx_word' id='word_1_75' title='bbox 1691 1589 1744 1662; x_wconf 83' lang='lat' dir='ltr'><strong>vel</strong></span> <span class='ocrx_word' id='word_1_76' title='bbox 1768 1593 1939 1666; x_wconf 88' lang='lat' dir='ltr'><strong>remobere</strong></span> <span class='ocrx_word' id='word_1_77' title='bbox 1962 1597 2183 1690; x_wconf 85' lang='lat' dir='ltr'><strong>quesierimus</strong></span> 
     </span>
     <span class='ocr_line' id='line_1_9' title="bbox 765 1709 2178 1809; baseline -0.004 -15"><span class='ocrx_word' id='word_1_78' title='bbox 765 1737 842 1794; x_wconf 90' lang='lat' dir='ltr'><strong>tunc</strong></span> <span class='ocrx_word' id='word_1_79' title='bbox 876 1721 987 1792; x_wconf 86' lang='lat' dir='ltr'><strong>endem</strong></span> <span class='ocrx_word' id='word_1_80' title='bbox 1022 1713 1255 1788; x_wconf 84' lang='lat' dir='ltr'><strong>combenientie</strong></span> <span class='ocrx_word' id='word_1_81' title='bbox 1288 1712 1402 1782; x_wconf 87' lang='lat' dir='ltr'><strong>ordine</strong></span> <span class='ocrx_word' id='word_1_82' title='bbox 1437 1709 1619 1803; x_wconf 89' lang='lat' dir='ltr'><strong>obligamus</strong></span> <span class='ocrx_word' id='word_1_83' title='bbox 1649 1733 1709 1782; x_wconf 91' lang='lat' dir='ltr'><strong>uos</strong></span> <span class='ocrx_word' id='word_1_84' title='bbox 1740 1723 1934 1809; x_wconf 86' lang='lat' dir='ltr'><strong>nostrosque</strong></span> <span class='ocrx_word' id='word_1_85' title='bbox 1958 1718 2096 1791; x_wconf 89' lang='lat' dir='ltr'><strong>heredes</strong></span> <span class='ocrx_word' id='word_1_86' title='bbox 2121 1721 2178 1790; x_wconf 89' lang='lat' dir='ltr'><strong>tibi</strong></span> 
     </span>
     <span class='ocr_line' id='line_1_10' title="bbox 766 1835 2179 1942; baseline -0.004 -23"><span class='ocrx_word' id='word_1_87' title='bbox 766 1851 895 1942; x_wconf 83' lang='lat' dir='ltr'><strong>tuisque</strong></span> <span class='ocrx_word' id='word_1_88' title='bbox 919 1843 1055 1936; x_wconf 84' lang='lat' dir='ltr'><strong>posteris</strong></span> <span class='ocrx_word' id='word_1_89' title='bbox 1079 1841 1114 1912; x_wconf 87' lang='lat' dir='ltr'><strong>in</strong></span> <span class='ocrx_word' id='word_1_90' title='bbox 1138 1839 1282 1932; x_wconf 85' lang='lat' dir='ltr'><strong>partibus</strong></span> <span class='ocrx_word' id='word_1_91' title='bbox 1305 1837 1392 1906; x_wconf 88' lang='lat' dir='ltr'><strong>idem</strong></span> <span class='ocrx_word' id='word_1_92' title='bbox 1417 1835 1494 1906; x_wconf 92' lang='lat' dir='ltr'><strong>dicti</strong></span> <span class='ocrx_word' id='word_1_93' title='bbox 1517 1835 1616 1906; x_wconf 86' lang='lat' dir='ltr'><strong>vestri</strong></span> <span class='ocrx_word' id='word_1_94' title='bbox 1639 1837 1742 1910; x_wconf 80' lang='lat' dir='ltr'><strong>saneti</strong></span> <span class='ocrx_word' id='word_1_95' title='bbox 1768 1841 1956 1916; x_wconf 86' lang='lat' dir='ltr'><strong>monasterii</strong></span> <span class='ocrx_word' id='word_1_96' title='bbox 1983 1865 2179 1937; x_wconf 86' lang='lat' dir='ltr'><strong>componere</strong></span> 
     </span>
     <span class='ocr_line' id='line_1_11' title="bbox 769 1962 2177 2069; baseline -0.006 -25"><span class='ocrx_word' id='word_1_97' title='bbox 769 1969 1000 2069; x_wconf 80' lang='lat' dir='ltr'><strong>quinquaginta</strong></span> <span class='ocrx_word' id='word_1_98' title='bbox 1027 1968 1098 2040; x_wconf 90' lang='lat' dir='ltr'><strong>auri</strong></span> <span class='ocrx_word' id='word_1_99' title='bbox 1119 1965 1237 2040; x_wconf 82' lang='lat' dir='ltr'><strong>solidos</strong></span> <span class='ocrx_word' id='word_1_100' title='bbox 1260 1962 1534 2038; x_wconf 79' lang='lat' dir='ltr'><strong>eomunnnianos</strong></span> <span class='ocrx_word' id='word_1_101' title='bbox 1556 1973 1588 2032; x_wconf 87' lang='lat' dir='ltr'><strong>et</strong></span> <span class='ocrx_word' id='word_1_102' title='bbox 1611 1962 1646 2032; x_wconf 93' lang='lat' dir='ltr'><strong>in</strong></span> <span class='ocrx_word' id='word_1_103' title='bbox 1670 1969 1762 2036; x_wconf 66' lang='lat' dir='ltr'><strong>anna</strong></span> <span class='ocrx_word' id='word_1_104' title='bbox 1785 1964 1904 2040; x_wconf 82' lang='lat' dir='ltr'><strong>exinde</strong></span> <span class='ocrx_word' id='word_1_105' title='bbox 1927 1969 2177 2059; x_wconf 88' lang='lat' dir='ltr'><strong>omnitempore</strong></span> 
     </span>
     <span class='ocr_line' id='line_1_12' title="bbox 769 2092 2181 2190; baseline -0.005 -20"><span class='ocrx_word' id='word_1_106' title='bbox 769 2113 913 2172; x_wconf 83' lang='lat' dir='ltr'><strong>atversus</strong></span> <span class='ocrx_word' id='word_1_107' title='bbox 945 2118 1005 2168; x_wconf 88' lang='lat' dir='ltr'><strong>nos</strong></span> <span class='ocrx_word' id='word_1_108' title='bbox 1037 2093 1127 2170; x_wconf 83' lang='lat' dir='ltr'><strong>trciti</strong></span> <span class='ocrx_word' id='word_1_109' title='bbox 1160 2101 1193 2162; x_wconf 85' lang='lat' dir='ltr'><strong>et</strong></span> <span class='ocrx_word' id='word_1_110' title='bbox 1225 2092 1366 2164; x_wconf 88' lang='lat' dir='ltr'><strong>contenti</strong></span> <span class='ocrx_word' id='word_1_111' title='bbox 1391 2111 1577 2163; x_wconf 79' lang='lat' dir='ltr'><strong>muceranus</strong></span> <span class='ocrx_word' id='word_1_112' title='bbox 1601 2099 1634 2160; x_wconf 86' lang='lat' dir='ltr'><strong>et</strong></span> <span class='ocrx_word' id='word_1_113' title='bbox 1657 2101 1693 2162; x_wconf 89' lang='grc' dir='ltr'><strong>ιιι</strong></span> <span class='ocrx_word' id='word_1_114' title='bbox 1719 2115 1818 2186; x_wconf 85' lang='lat' dir='ltr'><strong>super</strong></span> <span class='ocrx_word' id='word_1_115' title='bbox 1840 2093 1961 2190; x_wconf 85' lang='lat' dir='ltr'><strong>legitur</strong></span> <span class='ocrx_word' id='word_1_116' title='bbox 1992 2095 2065 2168; x_wconf 87' lang='lat' dir='ltr'><strong>illut</strong></span> <span class='ocrx_word' id='word_1_117' title='bbox 2087 2097 2181 2166; x_wconf 84' lang='lat' dir='ltr'><strong>vobis</strong></span> 
     </span>
     <span class='ocr_line' id='line_1_13' title="bbox 770 2219 2177 2314; baseline -0.006 -17"><span class='ocrx_word' id='word_1_118' title='bbox 770 2227 979 2298; x_wconf 78' lang='lat' dir='ltr'><strong>defensemus.</strong></span> <span class='ocrx_word' id='word_1_119' title='bbox 1015 2225 1056 2294; x_wconf 84' lang='lat' dir='ltr'><strong>Et</strong></span> <span class='ocrx_word' id='word_1_120' title='bbox 1087 2223 1146 2294; x_wconf 89' lang='lat' dir='ltr'><strong>bec</strong></span> <span class='ocrx_word' id='word_1_121' title='bbox 1179 2220 1323 2292; x_wconf 87' lang='lat' dir='ltr'><strong>cbartnlc</strong></span> <span class='ocrx_word' id='word_1_122' title='bbox 1348 2231 1383 2292; x_wconf 92' lang='lat' dir='ltr'><strong>ut</strong></span> <span class='ocrx_word' id='word_1_123' title='bbox 1407 2242 1504 2313; x_wconf 88' lang='lat' dir='ltr'><strong>snper</strong></span> <span class='ocrx_word' id='word_1_124' title='bbox 1527 2219 1644 2314; x_wconf 87' lang='lat' dir='ltr'><strong>legitor</strong></span> <span class='ocrx_word' id='word_1_125' title='bbox 1669 2238 1794 2311; x_wconf 86' lang='lat' dir='ltr'><strong>semper</strong></span> <span class='ocrx_word' id='word_1_126' title='bbox 1816 2220 1860 2289; x_wconf 86' lang='lat' dir='ltr'><strong>sit</strong></span> <span class='ocrx_word' id='word_1_127' title='bbox 1882 2221 1976 2291; x_wconf 81' lang='lat' dir='ltr'><strong>firma</strong></span> <span class='ocrx_word' id='word_1_128' title='bbox 2003 2231 2034 2288; x_wconf 86' lang='lat' dir='ltr'><strong>et</strong></span> <span class='ocrx_word' id='word_1_129' title='bbox 2057 2223 2177 2291; x_wconf 75' lang='lat' dir='ltr'><strong>subitis</strong></span> 
     </span>
     <span class='ocr_line' id='line_1_14' title="bbox 769 2346 2133 2446; baseline -0.004 -22"><span class='ocrx_word' id='word_1_130' title='bbox 769 2354 861 2426; x_wconf 80' lang='lat' dir='ltr'><strong>vobis</strong></span> <span class='ocrx_word' id='word_1_131' title='bbox 884 2361 1077 2446; x_wconf 76' lang='lat' dir='ltr'><strong>permaneas</strong></span> <span class='ocrx_word' id='word_1_132' title='bbox 1102 2349 1208 2434; x_wconf 85' lang='lat' dir='ltr'><strong>Quam</strong></span> <span class='ocrx_word' id='word_1_133' title='bbox 1232 2359 1263 2417; x_wconf 90' lang='lat' dir='ltr'><strong>te</strong></span> <span class='ocrx_word' id='word_1_134' title='bbox 1287 2350 1373 2418; x_wconf 86' lang='lat' dir='ltr'><strong>maio</strong></span> <span class='ocrx_word' id='word_1_135' title='bbox 1396 2347 1534 2421; x_wconf 84' lang='lat' dir='ltr'><strong>clericus</strong></span> <span class='ocrx_word' id='word_1_136' title='bbox 1558 2359 1590 2420; x_wconf 87' lang='lat' dir='ltr'><strong>et</strong></span> <span class='ocrx_word' id='word_1_137' title='bbox 1615 2348 1759 2423; x_wconf 75' lang='lat' dir='ltr'><strong>noturus</strong></span> <span class='ocrx_word' id='word_1_138' title='bbox 1781 2346 1919 2422; x_wconf 78' lang='lat' dir='ltr'><strong>scribere</strong></span> <span class='ocrx_word' id='word_1_139' title='bbox 1949 2347 2133 2444; x_wconf 76' lang='lat' dir='ltr'><strong>rogabimus</strong></span> 
     </span>
    </p>

    <p class='ocr_par' dir='ltr' id='par_1_3' title="bbox 863 2465 1343 2569">
     <span class='ocr_line' id='line_1_15' title="bbox 863 2465 1343 2569; baseline -0.01 -25"><span class='ocrx_word' id='word_1_140' title='bbox 863 2475 895 2569; x_wconf 90' lang='lat'>†</span> <span class='ocrx_word' id='word_1_141' title='bbox 918 2465 980 2568; x_wconf 82' lang='lat' dir='ltr'><strong>ego</strong></span> <span class='ocrx_word' id='word_1_142' title='bbox 1002 2473 1154 2544; x_wconf 82' lang='lat' dir='ltr'><strong>iobrnnes</strong></span> <span class='ocrx_word' id='word_1_143' title='bbox 1176 2471 1343 2563; x_wconf 77' lang='lat' dir='ltr'><strong>presbyter</strong></span> 
     </span>
    </p>

    <p class='ocr_par' dir='ltr' id='par_1_4' title="bbox 865 2600 1282 2696">
     <span class='ocr_line' id='line_1_16' title="bbox 865 2600 1282 2696; baseline 0.002 -25"><span class='ocrx_word' id='word_1_144' title='bbox 865 2603 897 2694; x_wconf 94' lang='lat'>†</span> <span class='ocrx_word' id='word_1_145' title='bbox 920 2623 982 2694; x_wconf 84' lang='lat' dir='ltr'><strong>ego</strong></span> <span class='ocrx_word' id='word_1_146' title='bbox 1005 2600 1091 2681; x_wconf 81' lang='lat' dir='ltr'><strong>coeci</strong></span> <span class='ocrx_word' id='word_1_147' title='bbox 1116 2600 1282 2696; x_wconf 78' lang='lat' dir='ltr'><strong>presbyter</strong></span> 
     </span>
    </p>
   </div>
   <div class='ocr_carea' id='block_1_3' title="bbox 1320 2979 1596 3056">
    <p class='ocr_par' dir='ltr' id='par_1_5' title="bbox 1320 2979 1596 3056">
     <span class='ocr_line' id='line_1_17' title="bbox 1320 2979 1596 3056; baseline -0.033 0"><span class='ocrx_word' id='word_1_148' title='bbox 1320 2979 1596 3056; x_wconf 73' lang='lat' dir='ltr'><strong>ccccxxxviii.</strong></span> 
     </span>
    </p>
   </div>
   <div class='ocr_carea' id='block_1_4' title="bbox 713 3239 2288 5112">
    <p class='ocr_par' dir='ltr' id='par_1_6' title="bbox 713 3239 2288 5112">
     <span class='ocr_line' id='line_1_18' title="bbox 873 3239 2190 3344; baseline -0.006 -26"><span class='ocrx_word' id='word_1_149' title='bbox 873 3250 902 3344; x_wconf 87' lang='lat'>†</span> <span class='ocrx_word' id='word_1_150' title='bbox 925 3251 961 3318; x_wconf 91' lang='lat' dir='ltr'><strong>ln</strong></span> <span class='ocrx_word' id='word_1_151' title='bbox 984 3247 1114 3318; x_wconf 84' lang='lat' dir='ltr'><strong>nomine</strong></span> <span class='ocrx_word' id='word_1_152' title='bbox 1137 3245 1260 3318; x_wconf 86' lang='lat' dir='ltr'><strong>domini</strong></span> <span class='ocrx_word' id='word_1_153' title='bbox 1286 3245 1464 3316; x_wconf 86' lang='lat' dir='ltr'><strong>Tricesimo</strong></span> <span class='ocrx_word' id='word_1_154' title='bbox 1482 3267 1568 3316; x_wconf 88' lang='lat' dir='ltr'><strong>anno</strong></span> <span class='ocrx_word' id='word_1_155' title='bbox 1583 3245 1790 3338; x_wconf 85' lang='lat' dir='ltr'><strong>principatus.</strong></span> <span class='ocrx_word' id='word_1_156' title='bbox 1816 3241 1948 3314; x_wconf 81' lang='lat' dir='ltr'><strong>donnini.</strong></span> <span class='ocrx_word' id='word_1_157' title='bbox 1972 3239 2075 3312; x_wconf 77' lang='lat' dir='ltr'><strong>umet</strong></span> <span class='ocrx_word' id='word_1_158' title='bbox 2092 3240 2190 3334; x_wconf 86' lang='lat' dir='ltr'><strong>guai-</strong></span> 
     </span>
     <span class='ocr_line' id='line_1_19' title="bbox 713 3367 2193 3469; baseline -0.01 -21"><span class='ocrx_word' id='word_1_159' title='bbox 713 3443 723 3467; x_wconf 77' lang='grc'>,</span> <span class='ocrx_word' id='word_1_160' title='bbox 777 3371 877 3447; x_wconf 78' lang='lat' dir='ltr'><strong>mn&#39;rii.</strong></span> <span class='ocrx_word' id='word_1_161' title='bbox 904 3377 1034 3468; x_wconf 86' lang='lat' dir='ltr'><strong>gloriosi</strong></span> <span class='ocrx_word' id='word_1_162' title='bbox 1060 3375 1221 3469; x_wconf 85' lang='lat' dir='ltr'><strong>principis.</strong></span> <span class='ocrx_word' id='word_1_163' title='bbox 1247 3385 1278 3446; x_wconf 95' lang='lat' dir='ltr'><strong>et</strong></span> <span class='ocrx_word' id='word_1_164' title='bbox 1297 3397 1384 3443; x_wconf 89' lang='lat' dir='ltr'><strong>nono</strong></span> <span class='ocrx_word' id='word_1_165' title='bbox 1400 3393 1485 3444; x_wconf 82' lang='lat' dir='ltr'><strong>anuo</strong></span> <span class='ocrx_word' id='word_1_166' title='bbox 1503 3371 1648 3442; x_wconf 87' lang='lat' dir='ltr'><strong>ducatus.</strong></span> <span class='ocrx_word' id='word_1_167' title='bbox 1665 3369 1762 3442; x_wconf 90' lang='lat' dir='ltr'><strong>illius.</strong></span> <span class='ocrx_word' id='word_1_168' title='bbox 1784 3367 1916 3442; x_wconf 75' lang='lat' dir='ltr'><strong>maltis.</strong></span> <span class='ocrx_word' id='word_1_169' title='bbox 1934 3374 1966 3438; x_wconf 90' lang='lat' dir='ltr'><strong>et</strong></span> <span class='ocrx_word' id='word_1_170' title='bbox 1980 3377 2093 3439; x_wconf 74' lang='lat' dir='ltr'><strong>ocuvo</strong></span> <span class='ocrx_word' id='word_1_171' title='bbox 2111 3386 2193 3435; x_wconf 86' lang='lat' dir='ltr'><strong>anuo</strong></span> 
     </span>
     <span class='ocr_line' id='line_1_20' title="bbox 777 3483 2194 3594; baseline -0.011 -21"><span class='ocrx_word' id='word_1_172' title='bbox 777 3505 909 3573; x_wconf 85' lang='lat' dir='ltr'><strong>duratus</strong></span> <span class='ocrx_word' id='word_1_173' title='bbox 942 3502 1011 3572; x_wconf 89' lang='lat' dir='ltr'><strong>eius</strong></span> <span class='ocrx_word' id='word_1_174' title='bbox 1035 3501 1181 3572; x_wconf 85' lang='lat' dir='ltr'><strong>sirreuti.</strong></span> <span class='ocrx_word' id='word_1_175' title='bbox 1212 3521 1310 3594; x_wconf 88' lang='lat' dir='ltr'><strong>quam</strong></span> <span class='ocrx_word' id='word_1_176' title='bbox 1334 3507 1366 3568; x_wconf 90' lang='lat' dir='ltr'><strong>et</strong></span> <span class='ocrx_word' id='word_1_177' title='bbox 1390 3505 1482 3566; x_wconf 84' lang='lat' dir='ltr'><strong>serto</strong></span> <span class='ocrx_word' id='word_1_178' title='bbox 1508 3517 1592 3566; x_wconf 81' lang='lat' dir='ltr'><strong>anno</strong></span> <span class='ocrx_word' id='word_1_179' title='bbox 1617 3483 1829 3589; x_wconf 63' lang='lat' dir='ltr'><strong>principatusss</strong></span> <span class='ocrx_word' id='word_1_180' title='bbox 1861 3503 1895 3566; x_wconf 90' lang='lat' dir='ltr'><strong>et</strong></span> <span class='ocrx_word' id='word_1_181' title='bbox 1917 3495 2063 3587; x_wconf 87' lang='lat' dir='ltr'><strong>ipsorum</strong></span> <span class='ocrx_word' id='word_1_182' title='bbox 2087 3491 2194 3558; x_wconf 79' lang='lat' dir='ltr'><strong>duce-</strong></span> 
     </span>
     <span class='ocr_line' id='line_1_21' title="bbox 777 3614 2193 3719; baseline -0.012 -21"><span class='ocrx_word' id='word_1_183' title='bbox 777 3639 869 3700; x_wconf 87' lang='lat' dir='ltr'><strong>tnum</strong></span> <span class='ocrx_word' id='word_1_184' title='bbox 885 3627 1007 3697; x_wconf 91' lang='lat' dir='ltr'><strong>domini</strong></span> <span class='ocrx_word' id='word_1_185' title='bbox 1023 3627 1131 3719; x_wconf 79' lang='lat' dir='ltr'><strong>&#39;gimelli</strong></span> <span class='ocrx_word' id='word_1_186' title='bbox 1146 3627 1218 3697; x_wconf 86' lang='lat' dir='ltr'><strong>eius</strong></span> <span class='ocrx_word' id='word_1_187' title='bbox 1235 3625 1294 3698; x_wconf 85' lang='lat' dir='ltr'><strong>lilii</strong></span> <span class='ocrx_word' id='word_1_188' title='bbox 1309 3614 1428 3696; x_wconf 85' lang='lat' dir='ltr'><strong>eximii</strong></span> <span class='ocrx_word' id='word_1_189' title='bbox 1439 3624 1601 3718; x_wconf 87' lang='lat' dir='ltr'><strong>principis.</strong></span> <span class='ocrx_word' id='word_1_190' title='bbox 1616 3633 1649 3694; x_wconf 90' lang='lat' dir='ltr'><strong>et</strong></span> <span class='ocrx_word' id='word_1_191' title='bbox 1663 3623 1762 3694; x_wconf 88' lang='lat' dir='ltr'><strong>ducis.</strong></span> <span class='ocrx_word' id='word_1_192' title='bbox 1779 3643 1888 3690; x_wconf 87' lang='lat' dir='ltr'><strong>mense</strong></span> <span class='ocrx_word' id='word_1_193' title='bbox 1903 3617 2069 3690; x_wconf 74' lang='lat' dir='ltr'><strong>februario</strong></span> <span class='ocrx_word' id='word_1_194' title='bbox 2086 3614 2193 3708; x_wconf 89' lang='lat' dir='ltr'><strong>prima</strong></span> 
     </span>
     <span class='ocr_line' id='line_1_22' title="bbox 777 3735 2195 3840; baseline -0.012 -20"><span class='ocrx_word' id='word_1_195' title='bbox 777 3749 962 3820; x_wconf 85' lang='lat' dir='ltr'><strong>indictione.</strong></span> <span class='ocrx_word' id='word_1_196' title='bbox 987 3749 1059 3840; x_wconf 82' lang='lat' dir='ltr'><strong>Ego</strong></span> <span class='ocrx_word' id='word_1_197' title='bbox 1082 3747 1241 3840; x_wconf 80' lang='lat' dir='ltr'><strong>pnldulius</strong></span> <span class='ocrx_word' id='word_1_198' title='bbox 1255 3765 1258 3772; x_wconf 82' lang='lat'>&#39;</span> <span class='ocrx_word' id='word_1_199' title='bbox 1274 3749 1359 3820; x_wconf 87' lang='lat' dir='ltr'><strong>tilius</strong></span> <span class='ocrx_word' id='word_1_200' title='bbox 1392 3749 1476 3820; x_wconf 90' lang='lat' dir='ltr'><strong>bone</strong></span> <span class='ocrx_word' id='word_1_201' title='bbox 1501 3744 1727 3818; x_wconf 85' lang='lat' dir='ltr'><strong>recordatiouis</strong></span> <span class='ocrx_word' id='word_1_202' title='bbox 1752 3741 1878 3814; x_wconf 82' lang='lat' dir='ltr'><strong>donnini</strong></span> <span class='ocrx_word' id='word_1_203' title='bbox 1902 3735 2195 3834; x_wconf 65' lang='lat' dir='ltr'><strong>genuinumn-</strong></span> 
     </span>
     <span class='ocr_line' id='line_1_23' title="bbox 776 3861 2193 3968; baseline -0.01 -26"><span class='ocrx_word' id='word_1_204' title='bbox 776 3875 882 3942; x_wconf 88' lang='lat' dir='ltr'><strong>riosus</strong></span> <span class='ocrx_word' id='word_1_205' title='bbox 904 3872 1052 3966; x_wconf 74' lang='lat' dir='ltr'><strong>prinecps</strong></span> <span class='ocrx_word' id='word_1_206' title='bbox 1075 3871 1263 3952; x_wconf 83' lang='lat' dir='ltr'><strong>Clnrnleeio.</strong></span> <span class='ocrx_word' id='word_1_207' title='bbox 1288 3873 1444 3968; x_wconf 89' lang='lat' dir='ltr'><strong>quoniam</strong></span> <span class='ocrx_word' id='word_1_208' title='bbox 1467 3870 1547 3943; x_wconf 90' lang='lat' dir='ltr'><strong>mibi</strong></span> <span class='ocrx_word' id='word_1_209' title='bbox 1562 3880 1609 3944; x_wconf 88' lang='lat' dir='ltr'><strong>est</strong></span> <span class='ocrx_word' id='word_1_210' title='bbox 1627 3869 1788 3966; x_wconf 87' lang='lat' dir='ltr'><strong>pertinens</strong></span> <span class='ocrx_word' id='word_1_211' title='bbox 1805 3866 1903 3937; x_wconf 86' lang='lat' dir='ltr'><strong>abere</strong></span> <span class='ocrx_word' id='word_1_212' title='bbox 1919 3863 2015 3936; x_wconf 83' lang='lat' dir='ltr'><strong>robus</strong></span> <span class='ocrx_word' id='word_1_213' title='bbox 2035 3864 2069 3936; x_wconf 94' lang='lat' dir='ltr'><strong>in</strong></span> <span class='ocrx_word' id='word_1_214' title='bbox 2086 3861 2193 3930; x_wconf 88' lang='lat' dir='ltr'><strong>locum</strong></span> 
     </span>
     <span class='ocr_line' id='line_1_24' title="bbox 774 3983 2193 4096; baseline -0.016 -23"><span class='ocrx_word' id='word_1_215' title='bbox 774 3999 921 4091; x_wconf 76' lang='lat' dir='ltr'><strong>pulmon</strong></span> <span class='ocrx_word' id='word_1_216' title='bbox 945 4007 1087 4074; x_wconf 63' lang='lat' dir='ltr'><strong>nostrum</strong></span> <span class='ocrx_word' id='word_1_217' title='bbox 1110 3999 1335 4096; x_wconf 81' lang='lat' dir='ltr'><strong>pertinentiam</strong></span> <span class='ocrx_word' id='word_1_218' title='bbox 1359 4023 1425 4094; x_wconf 89' lang='lat' dir='ltr'><strong>qne</strong></span> <span class='ocrx_word' id='word_1_219' title='bbox 1448 4007 1495 4070; x_wconf 89' lang='lat' dir='ltr'><strong>est</strong></span> <span class='ocrx_word' id='word_1_220' title='bbox 1519 3998 1603 4068; x_wconf 78' lang='lat' dir='ltr'><strong>inira</strong></span> <span class='ocrx_word' id='word_1_221' title='bbox 1626 3995 1817 4067; x_wconf 85' lang='lat' dir='ltr'><strong>salernitane</strong></span> <span class='ocrx_word' id='word_1_222' title='bbox 1843 3989 1973 4062; x_wconf 78' lang='lat' dir='ltr'><strong>finibus.</strong></span> <span class='ocrx_word' id='word_1_223' title='bbox 1997 3994 2031 4060; x_wconf 89' lang='lat' dir='ltr'><strong>et</strong></span> <span class='ocrx_word' id='word_1_224' title='bbox 2052 3993 2099 4056; x_wconf 88' lang='lat' dir='ltr'><strong>est</strong></span> <span class='ocrx_word' id='word_1_225' title='bbox 2125 3983 2193 4076; x_wconf 87' lang='lat' dir='ltr'><strong>ipsa</strong></span> 
     </span>
     <span class='ocr_line' id='line_1_25' title="bbox 776 4111 2193 4218; baseline -0.011 -21"><span class='ocrx_word' id='word_1_226' title='bbox 776 4125 872 4196; x_wconf 78' lang='lat' dir='ltr'><strong>rebeus</strong></span> <span class='ocrx_word' id='word_1_227' title='bbox 895 4148 969 4202; x_wconf 85' lang='lat' dir='ltr'><strong>cum</strong></span> <span class='ocrx_word' id='word_1_228' title='bbox 993 4127 1130 4202; x_wconf 88' lang='lat' dir='ltr'><strong>arbustis</strong></span> <span class='ocrx_word' id='word_1_229' title='bbox 1154 4129 1276 4200; x_wconf 77' lang='grc' dir='ltr'>ιίιιιιὶι.</span> <span class='ocrx_word' id='word_1_230' title='bbox 1299 4139 1331 4200; x_wconf 88' lang='lat' dir='ltr'><strong>et</strong></span> <span class='ocrx_word' id='word_1_231' title='bbox 1347 4126 1514 4218; x_wconf 84' lang='lat' dir='ltr'><strong>bolivetir.</strong></span> <span class='ocrx_word' id='word_1_232' title='bbox 1536 4147 1595 4196; x_wconf 85' lang='lat' dir='ltr'><strong>seu</strong></span> <span class='ocrx_word' id='word_1_233' title='bbox 1611 4123 1762 4196; x_wconf 72' lang='lat' dir='ltr'><strong>menum.</strong></span> <span class='ocrx_word' id='word_1_234' title='bbox 1784 4141 1849 4215; x_wconf 84' lang='lat' dir='ltr'><strong>que</strong></span> <span class='ocrx_word' id='word_1_235' title='bbox 1873 4125 1948 4190; x_wconf 87' lang='lat' dir='ltr'><strong>sunt</strong></span> <span class='ocrx_word' id='word_1_236' title='bbox 1973 4114 2060 4208; x_wconf 87' lang='lat' dir='ltr'><strong>petie</strong></span> <span class='ocrx_word' id='word_1_237' title='bbox 2084 4111 2193 4206; x_wconf 88' lang='lat' dir='ltr'><strong>quad-</strong></span> 
     </span>
     <span class='ocr_line' id='line_1_26' title="bbox 776 4236 2288 4345; baseline -0.011 -28"><span class='ocrx_word' id='word_1_238' title='bbox 776 4257 859 4318; x_wconf 91' lang='lat' dir='ltr'><strong>tuor.</strong></span> <span class='ocrx_word' id='word_1_239' title='bbox 885 4251 1115 4344; x_wconf 82' lang='lat' dir='ltr'><strong>Prima&#39;petia.</strong></span> <span class='ocrx_word' id='word_1_240' title='bbox 1141 4255 1245 4326; x_wconf 89' lang='lat' dir='ltr'><strong>estin</strong></span> <span class='ocrx_word' id='word_1_241' title='bbox 1270 4255 1388 4326; x_wconf 89' lang='lat' dir='ltr'><strong>locum.</strong></span> <span class='ocrx_word' id='word_1_242' title='bbox 1414 4251 1470 4324; x_wconf 92' lang='lat' dir='ltr'><strong>ubi</strong></span> <span class='ocrx_word' id='word_1_243' title='bbox 1495 4251 1611 4345; x_wconf 90' lang='lat' dir='ltr'><strong>propio</strong></span> <span class='ocrx_word' id='word_1_244' title='bbox 1628 4247 1743 4320; x_wconf 84' lang='lat' dir='ltr'><strong>rolabu</strong></span> <span class='ocrx_word' id='word_1_245' title='bbox 1760 4245 1891 4317; x_wconf 90' lang='lat' dir='ltr'><strong>dicitur.</strong></span> <span class='ocrx_word' id='word_1_246' title='bbox 1912 4241 2031 4313; x_wconf 83' lang='lat' dir='ltr'><strong>hebent</strong></span> <span class='ocrx_word' id='word_1_247' title='bbox 2056 4237 2130 4308; x_wconf 84' lang='lat' dir='ltr'><strong>bnis</strong></span> <span class='ocrx_word' id='word_1_248' title='bbox 2157 4236 2197 4304; x_wconf 90' lang='lat' dir='ltr'><strong>de</strong></span> <span class='ocrx_word' id='word_1_249' title='bbox 2283 4259 2288 4278; x_wconf 71' lang='lat'>¹</span> 
     </span>
     <span class='ocr_line' id='line_1_27' title="bbox 732 4361 2188 4477; baseline -0.014 -31"><span class='ocrx_word' id='word_1_250' title='bbox 732 4455 738 4466; x_wconf 47' lang='grc'><em>,</em></span> <span class='ocrx_word' id='word_1_251' title='bbox 776 4399 843 4448; x_wconf 88' lang='grc' dir='ltr'>ιιιιο</span> <span class='ocrx_word' id='word_1_252' title='bbox 866 4377 963 4450; x_wconf 79' lang='lat' dir='ltr'><strong>latere</strong></span> <span class='ocrx_word' id='word_1_253' title='bbox 978 4379 1041 4450; x_wconf 84' lang='lat' dir='ltr'><strong>tine</strong></span> <span class='ocrx_word' id='word_1_254' title='bbox 1056 4379 1109 4452; x_wconf 84' lang='lat' dir='ltr'><strong>bin</strong></span> <span class='ocrx_word' id='word_1_255' title='bbox 1124 4405 1190 4476; x_wconf 89' lang='lat' dir='ltr'><strong>que</strong></span> <span class='ocrx_word' id='word_1_256' title='bbox 1207 4382 1321 4477; x_wconf 82' lang='lat' dir='ltr'><strong>pergit.</strong></span> <span class='ocrx_word' id='word_1_257' title='bbox 1336 4382 1378 4452; x_wconf 90' lang='lat' dir='ltr'><strong>ad</strong></span> <span class='ocrx_word' id='word_1_258' title='bbox 1394 4379 1564 4451; x_wconf 67' lang='lat' dir='ltr'><strong>cocullum</strong></span> <span class='ocrx_word' id='word_1_259' title='bbox 1582 4389 1740 4449; x_wconf 87' lang='lat' dir='ltr'><strong>nostrum.</strong></span> <span class='ocrx_word' id='word_1_260' title='bbox 1751 4377 1795 4448; x_wconf 92' lang='lat' dir='ltr'><strong>de</strong></span> <span class='ocrx_word' id='word_1_261' title='bbox 1813 4373 1919 4466; x_wconf 86' lang='lat' dir='ltr'><strong>ipsum</strong></span> <span class='ocrx_word' id='word_1_262' title='bbox 1941 4367 2051 4438; x_wconf 85' lang='lat' dir='ltr'><strong>locum</strong></span> <span class='ocrx_word' id='word_1_263' title='bbox 2067 4361 2188 4454; x_wconf 83' lang='lat' dir='ltr'><strong>pubne.</strong></span> 
     </span>
     <span class='ocr_line' id='line_1_28' title="bbox 781 4487 2195 4604; baseline -0.01 -32"><span class='ocrx_word' id='word_1_264' title='bbox 781 4503 820 4573; x_wconf 93' lang='lat' dir='ltr'><strong>de</strong></span> <span class='ocrx_word' id='word_1_265' title='bbox 844 4502 909 4574; x_wconf 83' lang='lat' dir='ltr'><strong>alio</strong></span> <span class='ocrx_word' id='word_1_266' title='bbox 931 4505 1042 4581; x_wconf 79' lang='lat' dir='ltr'><strong>lutere.</strong></span> <span class='ocrx_word' id='word_1_267' title='bbox 1068 4522 1102 4582; x_wconf 88' lang='lat' dir='ltr'><strong>et</strong></span> <span class='ocrx_word' id='word_1_268' title='bbox 1125 4511 1165 4583; x_wconf 87' lang='lat' dir='ltr'><strong>de</strong></span> <span class='ocrx_word' id='word_1_269' title='bbox 1189 4533 1256 4584; x_wconf 89' lang='lat' dir='ltr'><strong>nno</strong></span> <span class='ocrx_word' id='word_1_270' title='bbox 1279 4511 1382 4604; x_wconf 80' lang='lat' dir='ltr'><strong>capite</strong></span> <span class='ocrx_word' id='word_1_271' title='bbox 1407 4511 1471 4580; x_wconf 84' lang='lat' dir='ltr'><strong>fine</strong></span> <span class='ocrx_word' id='word_1_272' title='bbox 1496 4507 1593 4585; x_wconf 88' lang='lat' dir='ltr'><strong>rebus</strong></span> <span class='ocrx_word' id='word_1_273' title='bbox 1609 4505 1801 4578; x_wconf 79' lang='lat' dir='ltr'><strong>monosterii</strong></span> <span class='ocrx_word' id='word_1_274' title='bbox 1818 4508 1925 4572; x_wconf 85' lang='lat' dir='ltr'><strong>sancte</strong></span> <span class='ocrx_word' id='word_1_275' title='bbox 1942 4495 1995 4568; x_wconf 92' lang='lat' dir='ltr'><strong>dei</strong></span> <span class='ocrx_word' id='word_1_276' title='bbox 2011 4487 2195 4586; x_wconf 74' lang='lat' dir='ltr'><strong>gpnitricis.</strong></span> 
     </span>
     <span class='ocr_line' id='line_1_29' title="bbox 776 4617 2198 4729; baseline -0.014 -26"><span class='ocrx_word' id='word_1_277' title='bbox 776 4649 966 4726; x_wconf 73' lang='lat' dir='ltr'><strong>semperque</strong></span> <span class='ocrx_word' id='word_1_278' title='bbox 985 4633 1125 4727; x_wconf 85' lang='lat' dir='ltr'><strong>&#39;virginis</strong></span> <span class='ocrx_word' id='word_1_279' title='bbox 1149 4635 1259 4706; x_wconf 81' lang='lat' dir='ltr'><strong>merie.</strong></span> <span class='ocrx_word' id='word_1_280' title='bbox 1285 4657 1350 4729; x_wconf 87' lang='lat' dir='ltr'><strong>que</strong></span> <span class='ocrx_word' id='word_1_281' title='bbox 1374 4639 1545 4706; x_wconf 81' lang='lat' dir='ltr'><strong>costructa.</strong></span> <span class='ocrx_word' id='word_1_282' title='bbox 1584 4649 1653 4700; x_wconf 89' lang='lat' dir='ltr'><strong>esse</strong></span> <span class='ocrx_word' id='word_1_283' title='bbox 1679 4627 1815 4698; x_wconf 86' lang='lat' dir='ltr'><strong>videtur.</strong></span> <span class='ocrx_word' id='word_1_284' title='bbox 1842 4621 1882 4694; x_wconf 82' lang='lat' dir='ltr'><strong>nd</strong></span> <span class='ocrx_word' id='word_1_285' title='bbox 1905 4617 2109 4712; x_wconf 84' lang='lat' dir='ltr'><strong>speluncam.</strong></span> <span class='ocrx_word' id='word_1_286' title='bbox 2135 4631 2198 4702; x_wconf 82' lang='lat' dir='ltr'><strong>que</strong></span> 
     </span>
     <span class='ocr_line' id='line_1_30' title="bbox 778 4733 2185 4846; baseline -0.016 -26"><span class='ocrx_word' id='word_1_287' title='bbox 778 4759 809 4820; x_wconf 92' lang='lat' dir='ltr'><strong>et</strong></span> <span class='ocrx_word' id='word_1_288' title='bbox 832 4776 927 4846; x_wconf 78' lang='lat' dir='ltr'><strong>super</strong></span> <span class='ocrx_word' id='word_1_289' title='bbox 951 4759 1063 4830; x_wconf 58' lang='lat' dir='ltr'><strong>eroice.</strong></span> <span class='ocrx_word' id='word_1_290' title='bbox 1089 4761 1172 4831; x_wconf 67' lang='lat' dir='ltr'><strong>iusta</strong></span> <span class='ocrx_word' id='word_1_291' title='bbox 1196 4772 1339 4833; x_wconf 66' lang='lat' dir='ltr'><strong>monem</strong></span> <span class='ocrx_word' id='word_1_292' title='bbox 1362 4760 1514 4834; x_wconf 63' lang='lat' dir='ltr'><strong>moneo.</strong></span> <span class='ocrx_word' id='word_1_293' title='bbox 1541 4754 1647 4846; x_wconf 86' lang='lat' dir='ltr'><strong>adque</strong></span> <span class='ocrx_word' id='word_1_294' title='bbox 1664 4746 1861 4831; x_wconf 81' lang='lat' dir='ltr'><strong>monasterio</strong></span> <span class='ocrx_word' id='word_1_295' title='bbox 1875 4742 1978 4816; x_wconf 87' lang='lat' dir='ltr'><strong>saneti</strong></span> <span class='ocrx_word' id='word_1_296' title='bbox 2002 4733 2185 4810; x_wconf 82' lang='lat' dir='ltr'><strong>selbntoris.</strong></span> 
     </span>
     <span class='ocr_line' id='line_1_31' title="bbox 777 4863 2185 4984; baseline -0.028 -21"><span class='ocrx_word' id='word_1_297' title='bbox 777 4895 865 4984; x_wconf 86' lang='lat' dir='ltr'><strong>quod</strong></span> <span class='ocrx_word' id='word_1_298' title='bbox 888 4897 1106 4962; x_wconf 89' lang='lat' dir='ltr'><strong>constructum</strong></span> <span class='ocrx_word' id='word_1_299' title='bbox 1129 4901 1178 4963; x_wconf 89' lang='lat' dir='ltr'><strong>est</strong></span> <span class='ocrx_word' id='word_1_300' title='bbox 1200 4890 1235 4962; x_wconf 88' lang='lat' dir='ltr'><strong>in</strong></span> <span class='ocrx_word' id='word_1_301' title='bbox 1258 4889 1376 4961; x_wconf 82' lang='lat' dir='ltr'><strong>loerrtn.</strong></span> <span class='ocrx_word' id='word_1_302' title='bbox 1403 4886 1462 4980; x_wconf 86' lang='lat' dir='ltr'><strong>qui</strong></span> <span class='ocrx_word' id='word_1_303' title='bbox 1485 4883 1603 4954; x_wconf 89' lang='lat' dir='ltr'><strong>dieitur</strong></span> <span class='ocrx_word' id='word_1_304' title='bbox 1626 4871 1879 4961; x_wconf 43' lang='lat' dir='ltr'><strong>ballumgeUltra</strong></span> <span class='ocrx_word' id='word_1_305' title='bbox 1903 4868 2006 4949; x_wconf 79' lang='lat' dir='ltr'><strong>nenio</strong></span> <span class='ocrx_word' id='word_1_306' title='bbox 2029 4863 2185 4953; x_wconf 87' lang='lat' dir='ltr'><strong>dragona-</strong></span> 
     </span>
     <span class='ocr_line' id='line_1_32' title="bbox 778 4985 2198 5112; baseline -0.025 -17"><span class='ocrx_word' id='word_1_307' title='bbox 778 5024 837 5095; x_wconf 86' lang='lat' dir='ltr'><strong>rio.</strong></span> <span class='ocrx_word' id='word_1_308' title='bbox 874 5017 913 5089; x_wconf 85' lang='lat' dir='ltr'><strong>de</strong></span> <span class='ocrx_word' id='word_1_309' title='bbox 949 5019 1011 5090; x_wconf 81' lang='lat' dir='ltr'><strong>alio</strong></span> <span class='ocrx_word' id='word_1_310' title='bbox 1042 5019 1145 5112; x_wconf 87' lang='lat' dir='ltr'><strong>capite</strong></span> <span class='ocrx_word' id='word_1_311' title='bbox 1180 5017 1245 5090; x_wconf 84' lang='lat' dir='ltr'><strong>fine</strong></span> <span class='ocrx_word' id='word_1_312' title='bbox 1285 5023 1370 5086; x_wconf 76' lang='lat' dir='ltr'><strong>terre</strong></span> <span class='ocrx_word' id='word_1_313' title='bbox 1404 5010 1530 5084; x_wconf 84' lang='lat' dir='ltr'><strong>romani</strong></span> <span class='ocrx_word' id='word_1_314' title='bbox 1562 5007 1672 5080; x_wconf 77' lang='lat' dir='ltr'><strong>sclavi.</strong></span> <span class='ocrx_word' id='word_1_315' title='bbox 1705 4999 1852 5078; x_wconf 83' lang='lat' dir='ltr'><strong>Secunda</strong></span> <span class='ocrx_word' id='word_1_316' title='bbox 1878 4995 1965 5091; x_wconf 80' lang='lat' dir='ltr'><strong>petie</strong></span> <span class='ocrx_word' id='word_1_317' title='bbox 1986 4989 2100 5086; x_wconf 77' lang='lat' dir='ltr'><strong>nique</strong></span> <span class='ocrx_word' id='word_1_318' title='bbox 2124 4985 2198 5056; x_wconf 78' lang='lat' dir='ltr'><strong>loco</strong></span> 
     </span>
    </p>
   </div>
   <div class='ocr_carea' id='block_1_5' title="bbox 0 0 2494 6532">
    <p class='ocr_par' dir='ltr' id='par_1_7' title="bbox 0 0 2494 6532">
     <span class='ocr_line' id='line_1_33' title="bbox 0 0 2494 6532; baseline 0 0"><span class='ocrx_word' id='word_1_319' title='bbox 0 0 2494 6532; x_wconf 95' lang='lat' dir='ltr'><strong> </strong></span> 
     </span>
    </p>
   </div>
  </div>
 </body>
</html>
