4940 6518
1447 549 1566 646 (¹⁸)

1415 839 1572 913 cmxx.

647 1101 710 1173 nn.
888 1089 919 1190 †
941 1095 980 1168 u
1001 1097 1133 1170 mmm
1155 1092 1277 1168 omn
1301 1092 1354 1164 eo
1377 1060 1545 1164 orendo
1566 1092 1669 1164 mter
1691 1089 1787 1164 neu
1809 1089 1931 1164 cerno
1952 1093 2133 1188 meme
2146 1095 2207 1168 ee

629 1239 737 1302 1003.
795 1220 886 1294 mino
915 1227 1026 1294 nostm
1056 1218 1169 1290 besilio
1200 1236 1320 1310 magno
1348 1217 1545 1310 imperatore
1568 1237 1653 1288 enne
1675 1216 1924 1312 quadragesimo
1947 1218 2065 1290 tectior
2091 1221 2147 1294 sed
2170 1231 2204 1295 et

795 1346 993 1418 constentino
1023 1343 1135 1418 neor.
1153 1343 1224 1416 eius
1250 1365 1371 1438 mogon
1398 1345 1592 1438 lmpemtore
1616 1367 1701 1416 sono
1732 1343 2000 1439 qmdrsgesimor
2034 1345 2087 1418 die
2109 1347 2207 1420 tertie

793 1471 911 1544 mensis
931 1468 1003 1542 iulii
1026 1467 1202 1541 indictione
1224 1468 1330 1562 primu
1353 1468 1500 1563 neapoli:
1525 1469 1657 1548 &mum
1682 1477 1731 1540 est
1754 1491 1806 1540 me
1830 1469 2003 1544 iobmnem
2027 1469 2206 1542 subdiaco-

792 1620 872 1672 num
894 1605 1001 1670 snnete
1024 1597 1224 1692 nerpelitnnc
1248 1597 1382 1670 ecclesie
1404 1597 1471 1670 tilio
1493 1597 1656 1695 quondum
1680 1597 1785 1670 lomi:
1808 1598 1838 1670 Α
1861 1602 2001 1693 presenti
2021 1599 2078 1686 ‚die
2093 1619 2206 1692 prom

793 1723 913 1795 tissime
936 1721 1134 1794 uoluntatem
1156 1721 1316 1818 promicto
1340 1720 1431 1794 robis
1453 1721 1585 1794 domino
1608 1722 1721 1818 lilippo
1742 1722 1921 1794 .veoembib
1945 1745 2110 1819 pgumeno
2125 1744 2204 1796 mc-

793 1847 921 1918 nsterii
952 1853 1136 1918 sanctorum
1168 1846 1267 1941 sergii
1298 1855 1331 1918 et
1352 1844 1446 1917 bachi
1468 1844 1528 1941 qui
1550 1866 1634 1920 oooc
1657 1856 1869 1941 congregatus
1891 1867 1926 1918 es
1947 1845 1984 1918 in
2007 1847 2205 1920 monasterio

792 1977 973 2042 sanctorum
996 1967 1145 2042 tbeodcri
1167 1977 1200 2040 et
1222 1969 1389 2044 sebastiani
1412 1969 1470 2066 qui
1491 1969 1670 2066 ¹appelletur
1693 1971 1854 2064 lampido
1876 1971 1973 2042 situm
2005 1969 2038 2042 in
2061 1969 2204 2042 biridiu-

792 2099 863 2168 rio:
889 2105 1022 2194 propter
1044 2095 1167 2192 integro
1190 2097 1324 2170 ecclesie
1354 2107 1461 2170 restro
1485 2097 1642 2172 uocabulo
1663 2099 1764 2170 ssocti
1788 2097 1893 2169 seberi
1916 2097 1977 2168 rito
2001 2118 2079 2170 vero
2109 2117 2204 2167 secus

792 2228 897 2319 platea
919 2250 984 2324 que
1006 2235 1142 2300 vocetur
1165 2227 1253 2300 radia
1275 2226 1352 2298 solis
1366 2227 1425 2322 qui
1444 2236 1477 2299 et
1497 2230 1625 2322 gorgite
1640 2201 1759 2300 dicitur
1775 2228 1854 2299 iuris
1870 2225 2040 2298 memorati
2055 2226 2158 2296 sonoti
2172 2235 2204 2294 et

791 2352 981 2426 venerabilis
1003 2353 1102 2425 sesni
1114 2352 1310 2426 monasterii.
1328 2374 1392 2424 uno
1407 2374 1484 2424 cum
1499 2353 1723 2425 ebitotionibus
1738 2363 1771 2426 ct
1786 2353 1876 2424 cellis
1891 2361 1924 2426 et
1938 2351 2090 2424 omnibns
2105 2351 2201 2422 rebus

791 2475 972 2548 substantiis
986 2475 1087 2569 ipsius
1099 2475 1182 2548 dicte
1194 2475 1326 2548 ecclesie
1340 2485 1447 2550 vestre
1458 2479 1651 2570 pertinentes
1664 2477 1888 2574 omnibusque:
1900 2477 1947 2550 eis
1960 2478 2203 2572 pertinentibus.

792 2605 847 2675 ubi
862 2603 993 2676 dominc
1006 2602 1175 2675 ediubonte
1189 2626 1243 2676 me
1260 2603 1379 2676 ibidem
1395 2605 1559 2676 custodem
1570 2607 1719 2700 posuistis
1732 2605 1774 2676 be
1789 2629 1876 2678 nunc
1885 2614 1917 2678 ct
1926 2605 2078 2678 omuibus
2092 2607 2203 2678 diebus

792 2729 856 2800 vite
881 2749 990 2799 mene:
1016 2727 1052 2798 lo
1075 2749 1115 2798 eo
1139 2726 1226 2798 enim
1240 2739 1351 2798 tenore
1366 2728 1409 2800 ud
1425 2729 1647 2822 prenominata
1661 2727 1792 2802 ecclesio
1808 2739 1910 2802 restro
1927 2705 2086 2810 vocabulo
2099 2731 2201 2804 sancti

791 2849 894 2922 rcbcri
916 2873 994 2926 cum
1015 2847 1165 2923 omuibm
1187 2849 1374 2924 memoretis
1399 2875 1442 2923 ex
1456 2875 1494 2922 ee
1508 2853 1701 2947 pertinentes
1724 2853 1952 2948 omnibusque:
1970 2855 2016 2926 eis
2030 2853 2199 2948 pertinen-

791 2978 878 3050 tibus
901 2987 934 3052 et
956 2999 1031 3052 cum
1053 2977 1162 3050 omniu
1185 3001 1251 3075 que
1272 3001 1331 3074 per
1352 2979 1582 3052 inbentooeum
1605 2981 1702 3052 micbi
1727 2979 1969 3076 odsigucberitis
1985 2989 2106 3052 etcum
2119 3001 2199 3050 om-

792 3111 845 3181 nia
867 3131 933 3208 que
956 3133 975 3180 a
998 3107 1120 3182 viribus
1143 3116 1176 3182 et
1197 3108 1387 3182 mulieribus
1410 3103 1459 3180 ibi
1481 3108 1631 3180 offertum
1655 3109 1708 3183 rel
1730 3079 1873 3182 oblatum
1897 3109 2001 3181 iuerid
2024 3108 2198 3180 homnibus

791 3233 903 3308 diebus
915 3235 990 3307 -rite
1012 3257 1103 3310 mete
1118 3237 1152 3307 in
1166 3257 1239 3308 meo
1254 3237 1318 3306 sint
1334 3243 1522 3330 potestatem
1539 3235 1666 3307 tenendi
1682 3245 1714 3306 et
1729 3237 1948 3308 dommineudi
1967 3257 2024 3308 seu
2040 3233 2203 3328 lruginodi

791 3371 823 3432 et
846 3361 887 3432 de
910 3361 994 3454 ipsos
1016 3361 1137 3453 ίωςὶαε
1160 3359 1384 3454 faciendique
1410 3361 1554 3430 voluero.
1580 3362 1625 3430 lto
1648 3369 1680 3431 et
1702 3384 1764 3455 ego
1789 3361 1823 3432 in
1854 3363 1966 3434 endem
1988 3359 2125 3462 ecclesie
2149 3382 2207 3429 ree

791 3493 856 3554 stre
879 3504 976 3574 super
1000 3482 1120 3553 abitare
1136 3492 1169 3553 et
1185 3483 1325 3554 residere
1348 3484 1506 3576 promicto
1522 3486 1564 3555 ba
1579 3465 1712 3556 nuncet
1726 3485 1873 3556 omnibus
1890 3483 2001 3554 diebus
2017 3484 2083 3552 uite
2099 3505 2201 3556 meae.

793 3619 825 3681 et
848 3630 977 3682 omnem
1009 3608 1151 3680 officium
1183 3609 1413 3682 sacerdotalem
1438 3611 1556 3683 ibidem
1580 3636 1693 3685 cancre
1717 3611 1874 3704 promieto
1896 3610 1949 3680 vel
1971 3610 2092 3682 luonere
2116 3611 2198 3680 lucio

794 3759 915 3834 usque:
941 3736 1019 3808 dum
1042 3735 1173 3808 domino
1197 3735 1257 3807 dec
1281 3736 1437 3828 placueris
1461 3747 1570 3832 stege
1593 3736 1765 3831 perductus
1782 3738 1873 3808 lucro
1889 3733 1929 3806 od
1945 3756 2080 3807 onorem
2097 3757 2203 3808 socer·

794 3864 932 3937 dotalem
955 3861 1017 3934 boc
1041 3871 1088 3934 est
1110 3862 1259 3956 hesperos
1290 3873 1323 3932 et
1354 3864 1527 3934 matutinos
1557 3887 1648 3937 seum
1674 3864 1842 3932 missorum
1866 3861 2032 3932 sollemnia
2057 3873 2089 3934 et
2113 3860 2200 3932 boris

794 3987 940 4061 leudibus
972 3999 1003 4058 et
1034 3985 1312 4060 lumminericrum
1345 3990 1624 4060 concionationem
1656 3987 1701 4056 ibi
1731 3986 1859 4056 exibere
1885 3988 2041 4080 promieto
2066 3999 2102 4056 ut
2126 3995 2202 4079 aput

794 4114 916 4186 domini
940 4115 1156 4209 omnipotente
1180 4114 1280 4184 micbi
1304 4116 1420 4185 mercis
1444 4114 1604 4185 adcrescet
1628 4123 1659 4180 et
1676 4111 1759 4202 apud
1776 4109 1958 4179 bominibus
1975 4110 2065 4180 loos:
2084 4111 2202 4184 betiem

794 4239 1021 4335 quodcumque
1059 4239 1127 4332 ipso
1161 4239 1294 4312 ecclesio
1330 4249 1436 4309 vestre
1467 4237 1519 4308 vel
1548 4239 1624 4330 ipsis
1654 4234 1876 4306 ablutionibus
1911 4235 1950 4305 sd
1992 4237 2203 4308 condiendum

795 4364 926 4434 ebuerid
957 4385 1018 4456 ego
1048 4363 1129 4434 illud
1161 4363 1306 4434 eoneiare
1338 4363 1499 4457 promicto
1526 4360 1567 4430 od
1599 4361 1688 4430 omni
1721 4381 1793 4428 meo
1825 4357 1992 4451 expendio.
2025 4359 2156 4450 iusuper
2186 4387 2204 4428 a

795 4513 879 4562 nuuc
910 4501 942 4560 et
973 4489 1122 4562 omnibus
1153 4487 1264 4559 diebus
1292 4490 1357 4557 vite
1381 4510 1470 4558 mene
1493 4486 1580 4556 omni
1605 4504 1710 4552 annuo
1735 4481 1824 4550 vobis
1849 4480 2066 4574 posterisque:
2094 4483 2207 4552 vestris
2289 4483 2292 4488 ’

794 4629 1037 4712 memoratoque
1066 4625 1176 4686 saneto
1209 4623 1315 4685 vestro
1348 4613 1540 4684 monasterio
1573 4607 1689 4678 exinde
1720 4605 1794 4673 dare
1828 4617 1859 4674 et
1882 4607 2022 4698 dirigere
2046 4607 2204 4698 promicto

794 4765 852 4838 per
881 4743 1080 4814 nstivitotem
1110 4741 1232 4813 domini
1262 4741 1382 4810 oblatus
1413 4737 1515 4829 peries
1546 4742 1620 4804 tres.
1655 4742 1686 4802 et
1719 4754 1777 4824 per
1808 4733 2041 4803 resurrectione
2082 4733 2206 4802 domini

795 4867 943 4940 similiter
972 4866 1094 4939 oblatos
1124 4865 1227 4960 peries
1258 4875 1332 4935 tres.
1366 4871 1398 4932 et
1430 4883 1487 4952 per
1520 4857 1722 4930 festivitatem
1750 4867 1925 4926 memorate
1949 4857 2081 4928 ecclesie
2107 4859 2205 4928 suncti
