4888 6528
896 551 1039 646 (aar)

896 827 1056 901 CCCXlV.

348 1085 380 1182 †
402 1089 441 1160 lu
462 1089 595 1160 nomine
612 1087 737 1161 domini
756 1087 807 1161 slei
830 1088 997 1161 salvatoris
1021 1085 1124 1163 nostri
1143 1087 1240 1160 lbesu
1266 1087 1387 1160 Christi
1412 1091 1592 1182 imperante
1610 1090 1684 1160 du·
1774 1083 1845 1154 An·

252 1214 343 1288 mino
365 1223 477 1286 nosue
501 1213 618 1286 basilio
641 1235 761 1306 magno
786 1212 981 1308 imperatore
1014 1235 1099 1284 anno
1131 1212 1403 1306 quinquagesimo
1425 1234 1532 1283 nouo:
1565 1211 1622 1283 sed
1653 1219 1686 1283 et
1767 1217 1883 1287 ιοῖο.λ

253 1337 455 1409 constantino
478 1338 579 1408 irater
596 1335 667 1408 eins
680 1357 799 1430 magno
814 1335 1009 1430 imperatore
1033 1359 1119 1408 anno
1144 1335 1415 1430 quinquagesimo
1430 1345 1540 1408 sexto:
1559 1335 1611 1408 die
1635 1337 1685 1406 vi-

254 1462 374 1534 cesima
398 1460 491 1532 tertia
514 1461 633 1532 mensis
656 1458 756 1554 magii
780 1459 952 1530 indictione
975 1462 1109 1531 omnus
1131 1461 1272 1552 neapoli:
1302 1463 1425 1534 &tum
1441 1474 1483 1532 est
1499 1483 1547 1531 nce
1559 1474 1682 1552 petrum

258 1589 362 1661 fllium
398 1588 562 1682 quondum
594 1584 726 1657 iohanni
759 1587 819 1680 qui
853 1595 1068 1680 cognomento
1068 1633 1411 1659 ...............
1414 1614 1435 1657 ·.
1479 1589 1683 1665 asinaria

257 1716 338 1786 loris
361 1714 504 1788 llrrbeum
528 1712 691 1784 territorio
715 1712 878 1808 plegiense
902 1735 968 1782 non
993 1713 1106 1806 procul
1131 1711 1171 1782 da
1195 1710 1250 1782 illa
1281 1719 1371 1784 turre
1404 1713 1462 1804 qui
1494 1713 1611 1786 dicitur
1641 1719 1681 1788 da

255 1835 411 1908 boctaba:
439 1837 470 1908 Α
494 1835 634 1930 presenti
657 1835 711 1908 die
734 1833 951 1929 promtissima
974 1835 1151 1906 volumtate
1175 1836 1331 1928 promitto
1355 1833 1415 1908 tibi
1437 1834 1569 1908 domino
1596 1859 1677 1932 gre-

255 1959 350 2054 gorio
373 1960 441 2030 lilio
465 1963 629 2056 quondam
663 1961 750 2032 idem
782 1959 906 2034 domini
938 1959 1082 2055 gregorii
1115 1958 1305 2032 cubicularii
1337 1966 1445 2030 sancte
1477 1961 1679 2062 neapolitano

257 2079 411 2152 ecclesie:
437 2087 472 2152 tu
498 2105 562 2154 una
588 2105 663 2154 cum
695 2105 853 2154 consensu
1309 2092 1442 2180 propter
1464 2084 1597 2158 ecclesia
1621 2095 1676 2157 tun

253 2205 406 2277 distructa
431 2205 490 2298 qni
514 2205 577 2276 luit
600 2199 759 2276 vo'cabulo
784 2207 885 2278 sancti
908 2209 992 2303 petri
1025 2207 1138 2291 cbristi
1169 2208 1306 2304 apostoli
1338 2209 1443 2304 posita
1474 2211 1560 2282 intus
1588 2219 1677 2282 ,terra

253 2343 306 2402 tua
341 2355 406 2430 que
441 2333 514 2406 abet
542 2335 578 2406 iu
613 2335 686 2406 loco
718 2335 777 2430 qui
801 2346 936 2408 vocatur
960 2339 1107 2412 calistum
1130 2339 1165 2410 in
1189 2341 1306 2412 eodem
1329 2340 1402 2410 loco
1425 2339 1506 2410 loris
1529 2338 1676 2412 liubeum

252 2457 355 2552 ipsius
380 2459 537 2530 territorii
560 2459 723 2552 plegieuse
748 2482 911 2530 unacum
936 2451 1105 2538 introitum
1128 2485 1225 2536 suum
1249 2473 1282 2536 et
1306 2463 1458 2536 omnibus
1480 2463 1543 2534 sibi
1567 2465 1675 2558 perti·-

253 2585 425 2660 nentibus:
450 2595 609 2682 quatenus
633 2607 694 2678 ego
718 2595 751 2655 et
774 2585 948 2658 heredibus
971 2588 1052 2658 meis
1075 2599 1252 2660 memorata
1277 2587 1553 2680 integrarecclcsin
1569 2589 1675 2664 tubiro

245 2723 286 2782 ‘et
310 2711 448 2807 desuper
472 2709 544 2783 illas
568 2733 644 2782 cum
670 2710 792 2805 tegulas
815 2708 1006 2804 coboperire
1030 2709 1201 2782 debeamus
1226 2721 1258 2782 ct
1282 2710 1323 2782 (lu
1340 2710 1428 2781 intus
1445 2709 1517 2792 illas
1540 2710 1673 2804 pingere

254 2853 286 2914 et
309 2841 482 2916 hedificare
515 2840 689 2914 debeamus
712 2840 846 2912 insimul
874 2849 907 2908 at
931 2839 1021 2912 omui
1044 2850 1156 2912 nocuo
1180 2840 1359 2934 expendio:
1384 2837 1448 2910 boc
1481 2848 1528 2911 est
1555 2839 1671 2912 amodo

252 2981 284 3042 ct
308 2994 412 3068 usque
437 2973 472 3043 in
495 2970 624 3044 benturi
648 2970 810 3066 quantuor
841 2945 917 3042 anni
954 2968 1072 3062 expleti
1106 2967 1225 3065 ubsque
1256 2970 1345 3042 omni
1377 2969 1450 3042 datu
1482 2969 1672 3044 occansione

255 3109 288 3169 et
311 3101 380 3171 sine
403 3100 494 3168 omui
517 3099 767 3170 amaricatione:
795 3097 909 3169 deinde
932 3107 964 3167 ct
988 3109 1024 3168 tu
1032 3144 1664 3170 ...........................

254 3237 288 3295 ct
312 3246 409 3317 super
431 3248 485 3294 me
510 3226 586 3295 dare
610 3235 642 3298 et
664 3227 793 3298 offerire
817 3249 908 3298 seum
940 3228 1066 3298 tradere
1106 3224 1220 3298 debeas
1253 3225 1289 3296 in
1320 3235 1497 3298 memorata
1537 3225 1670 3299 ecclesa

250 3350 377 3442 integra
409 3345 479 3440 ipsu
510 3345 597 3438 petia
628 3345 668 3418 de
699 3359 875 3418 memorata
909 3361 993 3420 terra
1024 3358 1079 3424 tua
1104 3348 1160 3420 ubi
1186 3349 1253 3442 ipsa
1276 3347 1411 3426 ecclesia
1434 3350 1500 3418 iam
1525 3369 1587 3441 ego
1611 3347 1669 3417 in-

249 3474 365 3546 choata
389 3471 485 3542 abere
510 3471 631 3542 rideris
653 3473 694 3542 da
719 3484 792 3558 ante
814 3498 851 3544 os
874 3497 983 3572 annos.
1008 3500 1072 3546 una
1097 3497 1173 3548 cum
1196 3476 1323 3569 integra
1347 3474 1409 3545 alia
1432 3496 1497 3544 unu
1513 3473 1599 3568 petia
1614 3482 1689 3542 tna·

246 3600 285 3672 (le
318 3611 403 3669 terra
435 3596 538 3690 posita
570 3598 618 3670 ibi
650 3600 757 3691 ipsum
788 3599 919 3674 iimimul
950 3624 1017 3672 una
1049 3625 1125 3674 cum
1158 3601 1326 3674 erroribus
1358 3610 1392 3671 et
1424 3601 1570 3673 introitus
1593 3621 1667 3672 suas

250 3730 283 3794 et
307 3719 465 3806 omnibns,
483 3721 530 3792 eis
552 3720 805 3814 pertinentibus:
831 3722 1005 3794 coherente
1028 3723 1091 3794 sibi
1116 3737 1149 3794 et
1162 3712 1297 3818 'integra
1319 3725 1388 3818 ipsa
1412 3723 1496 3818 petia
1527 3723 1566 3794 de
1591 3745 1668 3800 me·

246 3856 371 3924 morula
408 3857 493 3918 terra
525 3857 580 3917 tua
611 3845 694 3920 bubi
726 3846 795 3941 ipsu
825 3847 957 3920 ecclesia
982 3872 1043 3922 exe
1067 3848 1188 3922 videris
1211 3861 1248 3918 ut
1270 3871 1366 3941 super
1391 3847 1509 3942 legitur
1533 3847 1573 3918 eb
1598 3871 1665 3920 uuo

249 3975 350 4043 latere
375 3979 461 4044 terra
486 3971 610 4042 domini
633 3971 766 4044 iobanni
790 3973 936 4067 germani
959 3974 1008 4046 tui
1032 3973 1128 4044 sicuti
1152 3973 1298 4044 terminis
1323 3974 1467 4044 exlicat:
1493 3971 1580 4044 etde
1596 3971 1661 4042 alio

148 4083 152 4090 ⁵
244 4101 346 4204 latere
372 4107 458 4168 terra
481 4097 521 4168 (le
544 4098 593 4168 illi
617 4108 764 4170 cucetura
779 4097 876 4170 sicuti
892 4099 1039 4172 terminis
1054 4099 1195 4170 exlicat:
1222 4099 1262 4170 de
1278 4120 1345 4168 nno
1360 4096 1465 4190 capite
1481 4109 1567 4171 terre
1582 4119 1662 4168 mo-

246 4225 381 4296 nasterii
406 4225 508 4296 suncti
533 4225 722 4296 sebastiani:
758 4235 790 4294 ct
816 4247 859 4294 ex
882 4227 946 4297 alio
970 4227 1074 4321 capite
1098 4238 1182 4298 terra
1207 4225 1331 4298 domini
1355 4224 1487 4296 iohanni
1511 4221 1667 4318 tabularii

241 4353 301 4446 qui
324 4362 543 4448 cognomento
566 4352 741 4424 lateriuro':
765 4361 801 4418 et
819 4363 852 4422 al
874 4352 944 4446 ipsa
958 4357 1022 4424 alia
1035 4357 1121 4448 petia
1136 4358 1176 4430 de
1192 4365 1370 4430 memorata
1390 4367 1476 4430 terra
1492 4355 1538 4426 ibi
1553 4355 1656 4449 ipsam

243 4481 377 4556 coberet
400 4481 442 4574 ab
465 4503 529 4552 uua
553 4491 643 4575 purte
668 4489 752 4550 terra
775 4481 946 4556 mumurati
967 4485 1155 4554 monasterii
1176 4487 1279 4557 sancti
1295 4485 1466 4560 sebastiani
1481 4495 1515 4556 et
1530 4483 1571 4554 cla
1585 4483 1657 4556 aliis
1692 4519 1697 4532 ·

241 4608 367 4682 duabus
390 4606 537 4702 pertibus
559 4619 646 4678 terra
669 4608 709 4680 (le
732 4605 795 4701 ipsi
818 4617 987 4680 cacutnra:
1014 4620 1047 4678 et
1070 4610 1111 4681 dn
1134 4621 1283 4706 quartam
1306 4621 1396 4704 parte
1411 4621 1498 4681 terra
1521 4629 1657 4680 memo-

239 4737 304 4806 rati
327 4735 452 4812 domini
478 4735 611 4810 iubanui
634 4736 780 4830 germani
803 4734 868 4806 mei
891 4735 988 4808 menti
1014 4737 1098 4808 inter
1112 4760 1147 4810 se
1163 4739 1310 4812 terminis
1326 4739 1459 4813 exlicat:
1476 4757 1557 4831 ques
1572 4757 1653 4808 vero

240 4864 382 4956 integras
414 4863 524 4938 ambos
555 4865 640 4960 ipsas
662 4864 765 4958 petias
789 4873 860 4936 tuas
883 4865 924 4938 alc
947 4875 1141 4938 memoratus
1169 4876 1270 4938 terras
1293 4889 1358 4942 una
1381 4889 1456 4940 cum
1482 4864 1653 4938 arboribus

355 4989 418 5058 Vol.
444 4987 463 5057 l
470 4989 502 5059 V.
1280 5002 1320 5062 18
