4882 6534
886 533 1024 628 (ese)

904 827 1017 902 (lGCL

842 1089 969 1162 Glr‘riste
990 1093 1075 1164 ture·

341 1304 373 1402 †
397 1311 435 1380 lu
458 1307 587 1380 nomine
611 1305 732 1380 domini
754 1304 806 1378 dei
828 1306 995 1380 salvatoris
1017 1305 1119 1378 nostri
1142 1305 1237 1382 llrssu
1261 1306 1383 1380 Christi
1404 1309 1581 1404 lmperrnte
1605 1315 1664 1389 du-
1757 1332 1820 1404 Aa,

246 1437 336 1510 mino
358 1445 470 1508 nostro
492 1447 628 1506 romano·
650 1456 768 1528 magno
792 1434 984 1526 imperatore
1017 1455 1102 1504 anno
1133 1434 1293 1508 secundo:
1321 1436 1373 1508 die
1396 1447 1511 1532 quarte
1544 1437 1662 1510 mensis
1748 1463 1852 1527 1031.

246 1563 328 1634 iunii
350 1563 524 1646 indictione
547 1571 665 1656 quortn
686 1559 809 1632 decime
841 1557 989 1656 neopolis
1018 1559 1150 1630 Certum
1174 1569 1221 1630 est
1244 1582 1303 1630 nos
1326 1561 1479 1634 iohannes
1502 1563 1658 1664 humilem

244 1685 390 1764 sbbstem
403 1690 597 1766 nonmteuii
619 1686 792 1762 beatissimi
816 1685 959 1783 gregorii
981 1683 1040 1780 qui
1063 1685 1247 1756 nominetur
1263 1685 1302 1756 de
1318 1686 1536 1780 regionarium
1559 1691 1659 1762 situm

242 1834 323 1884 vero
345 1821 378 1883 ut
400 1812 562 1886 cimbeum
585 1811 719 1906 regione
742 1808 926 1882 lurcillense
950 1827 1013 1878 unu
1037 1827 1113 1878 oum
1136 1815 1251 1879 cuneta
1266 1815 1374 1879 nostre
1389 1810 1655 1904 congregationes

241 1935 477 2009 monachorum
500 1937 669 2010 memorati
692 1937 793 2010 nostri
809 1935 1013 2008 monosterii:
1032 1955 1091 2006 nos
1113 1945 1222 2006 autem
1245 1954 1321 2004 eum
1338 1955 1527 2006 eonsensum
1543 1946 1577 2008 et
1602 1958 1661 2008 ro·

240 2058 362 2130 luntute
393 2059 433 2131 de
460 2059 613 2132 dominiis
635 2060 778 2132 iamdicti
800 2059 903 2132 nostri
926 2057 1130 2130 monasteriis
1154 2059 1184 2128 A
1207 2059 1345 2151 presenti
1369 2059 1420 2132 die
1435 2060 1659 2154 promistiusus

240 2181 334 2254 vobis
356 2183 511 2278 stephano
534 2181 720 2276 primicerio
744 2182 848 2254 filium
871 2181 1036 2280 quondam
1058 2179 1146 2252 leoni
1169 2199 1278 2252 musco
1301 2187 1335 2248 et
1358 2190 1449 2274 petro
1464 2183 1525 2274 qui
1546 2185 1679 2274 nomi-¹

239 2317 334 2378 untur
356 2309 470 2380 sessile
493 2309 596 2378 filium
620 2309 784 2400 quonlam
799 2307 904 2378 eidem
920 2309 1005 2400 petri
1017 2307 1139 2376 sessile.
1156 2328 1197 2376 oe
1214 2313 1261 2384 est
1276 2305 1432 2398 cognatis.
1451 2303 1677 2402 avitutorilrus

240 2453 320 2504 vero
347 2431 382 2500 in
415 2430 489 2498 loeo
522 2427 580 2520 qui
603 2427 789 2496 nominatur
811 2426 1025 2518 ponticellum
1048 2429 1137 2520 quod
1161 2437 1209 2498 eet
1233 2429 1311 2497 toris
1335 2429 1501 2502 tlubeum:
1528 2445 1660 2527 propter

238 2557 378 2648 integras
401 2552 540 2626 clusurio
564 2553 604 2622 de
628 2559 713 2622 terre
737 2555 847 2622 nostra
869 2548 950 2622 iuris
970 2549 1146 2642 ¹memorati
1169 2549 1271 2620 nostri
1294 2553 1488 2624 monosterii.
1503 2565 1536 2624 et
1552 2561 1657 2628 uomi-

238 2686 334 2748 netur
350 2674 518 2748 centimols
542 2671 647 2767 positu
670 2692 750 2744 vero
772 2671 808 2744 in
830 2670 904 2744 loeo
926 2671 986 2766 qui
1008 2671 1192 2744 nominatur
1211 2670 1344 2746 tertium
1362 2670 1476 2746 eodem
1489 2673 1656 2779 loootoris

237 2802 400 2879 tlubeum:
423 2823 489 2874 unu
512 2822 587 2873 eum
610 2799 779 2874 introitum
802 2797 1017 2894 omnibusque
1040 2798 1088 2870 eie
1109 2799 1367 2894 pertinentibus:
1394 2783 1571 2878 coherente
1595 2807 1658 2886 siri

235 2929 279 3000 de
300 2950 365 3002 unu
388 2933 479 3023 perte
503 2935 588 2998 terra
611 2925 769 2998 heredum
795 2925 960 3028 (piendum
983 2923 1024 2996 de
1047 2923 1140 2998 illum
1162 2926 1371 3023 putreoelmu
1393 2931 1488 3006 sieuti
1511 2931 1596 3004 inter
1621 2955 1656 3006 se

235 3055 373 3144 fossatus
396 3061 429 3122 et
451 3055 534 3146 sepis
558 3053 697 3126 extinat:
722 3053 763 3124 da
787 3072 825 3126 se
842 3049 927 3126 rndr
950 3058 1040 3148 purte
1064 3060 1151 3128 terre
1173 3055 1215 3130 de
1236 3055 1330 3130 illum
1353 3065 1538 3154 orpumetre
1559 3060 1654 3134 sicuti

236 3183 322 3252 inter
343 3204 378 3253 ee
399 3181 534 3254 fossatus
558 3188 591 3254 et
614 3182 698 3275 sepis
720 3179 862 3253 extinnt:
888 3183 929 3254 du
953 3181 1047 3254 tertie
1070 3189 1162 3278 perte
1184 3191 1233 3266 est
1254 3193 1341 3258 terre
1357 3195 1466 3258 nostre
1483 3187 1563 3260 iuris
1582 3209 1652 3262 me-

101 3321 105 3328 ·
232 3308 352 3380 moreti
374 3309 474 3380 nostri
499 3309 683 3382 monasterii
707 3333 771 3404 que
795 3311 831 3382 in
854 3316 965 3384 nostre
987 3309 1223 3388 resorberimus
1246 3320 1452 3408 potestatem:
1477 3339 1497 3386 e
1527 3322 1646 3410 qurrte

179 3433 186 3444 “
231 3436 326 3524 purte
348 3435 396 3500 est
419 3439 504 3500 terre
528 3431 671 3525 gregorii
695 3431 754 3524 qui
777 3434 961 3507 nominetur
985 3432 1026 3506 de
1048 3433 1178 3528 gurgite
1200 3433 1340 3530 qualiter
1356 3436 1443 3508 inter
1459 3457 1494 3522 se
1510 3437 1648 3508 tossetus

233 3560 268 3620 et
286 3548 432 3620 terminis
454 3549 596 3620 exlioet:
621 3572 701 3644 ques
725 3553 817 3624 robis
840 3555 1020 3650 vestrisque
1034 3554 1207 3630 heredibus
1221 3556 1371 3630 dedimus
1388 3567 1421 3628 et
1438 3557 1648 3628 terraticum:

229 3681 272 3748 ln
294 3696 334 3746 eo
357 3697 436 3748 vero
458 3685 568 3750 tenore
592 3685 748 3772 quotenus
772 3686 950 3752 memorata
974 3678 1116 3756 clusurio
1147 3681 1187 3752 de
1223 3686 1309 3756 terro
1337 3689 1446 3772 nostre
1469 3681 1551 3754 iuris
1574 3705 1649 3756 ms·
1721 3731 1725 3765 ,

227 3803 348 3876 morati
371 3801 471 3874 nostri
494 3805 679 3878 monosterii
702 3815 739 3877 ut
752 3827 848 3900 super
871 3805 991 3904 legitur
1013 3807 1049 3879 in
1072 3817 1180 3882 vestre
1196 3809 1375 3904 reusque
1390 3807 1563 3882 heredibus
1577 3809 1651 3880 sint

226 3935 421 4022 potestatem
444 3925 572 4000 tenendi
595 3939 628 4000 et
653 3927 838 4000 dominandi
861 3950 953 4000 soum
976 3931 1157 4002 seminandi
1181 3940 1214 4001 et
1236 3952 1334 4023 super
1353 3951 1412 4002 vos
1427 3928 1637 4022 recolligendi

226 4031 327 4124 etde
351 4060 455 4124 vestre
478 4053 541 4123 sint
563 4062 750 4148 potestatem
773 4053 911 4126 faciendi
935 4075 1000 4148 que
1019 4052 1188 4124 volueritis
1203 4055 1290 4126 unde
1308 4051 1430 4128 nullum
1446 4061 1571 4146 partem
1587 4076 1647 4124 noe

221 4183 264 4244 et
286 4173 421 4267 posteris
445 4175 613 4246 nostriset
637 4183 815 4246 memorato
837 4181 949 4243 nostro
972 4172 1168 4244 monasterio
1192 4169 1286 4244 vobis
1309 4173 1490 4269 vestrisque
1512 4172 1644 4248 heredi-

224 4295 292 4365 bus
315 4295 431 4366 exinde
454 4315 627 4390 queremus
651 4291 762 4364 dentes
785 4313 844 4365 vos
868 4301 900 4363 et
924 4291 1058 4366 heredes
1092 4293 1208 4366 restris
1239 4293 1334 4366 nobis
1359 4297 1563 4392 posterisque
1588 4321 1649 4370 no·

222 4425 305 4496 stris
327 4433 360 4494 et
383 4425 418 4493 in
442 4431 620 4494 memorato
644 4429 756 4492 nostro
787 4413 984 4492 monasterio
1014 4419 1131 4492 exinde
1164 4420 1255 4492 omni
1288 4443 1397 4492 annno
1422 4445 1480 4516 per
1514 4433 1645 4496 euntem

223 4552 418 4622 terraticum
446 4550 523 4621 dere
556 4559 588 4620 et
619 4547 769 4620 atdnoers
802 4545 954 4619 debentis.
987 4545 1027 4618 de
1059 4569 1125 4642 que
1156 4545 1277 4620 ibidem
1312 4545 1526 4619 seminebritis
1558 4557 1646 4618 unu

41 4705 44 4714 ·
156 4731 159 4739 «
226 4699 312 4750 vero
339 4676 463 4749 modios
494 4683 613 4774 quante
644 4674 768 4748 modies
799 4673 846 4747 ibi
882 4672 1086 4748 bernotioum
1120 4672 1337 4746 seminubritis
1369 4673 1492 4745 bonum
1520 4675 1642 4747 siceum

226 4814 369 4876 tractum
392 4813 425 4875 et
447 4813 666 4878 mensuratum
689 4825 793 4900 usqne
815 4801 901 4875 intus
924 4808 1016 4898 poro
1032 4802 1205 4874 memorati
1220 4801 1323 4874 nostri
1342 4799 1528 4875 monosterii
1543 4801 1644 4898 protis

347 4931 407 5000 Vol.
434 4929 451 4998 l
457 4930 490 4998 V.
1279 4935 1323 4996 ³0
