4882 6534
916 571 1061 666 (aaa)

367 740 484 836 †=ego
491 785 715 810 ..........
722 735 811 806 filins
835 730 962 806 domini
985 729 1083 826 sergii
1108 729 1181 804 testi
1204 726 1381 837 subscripsi
1403 741 1435 802 et
1458 733 1690 826 suprascriptos

269 867 392 946 solidos
416 867 550 941 traditos
573 863 642 938 bidi
666 857 698 959 †

265 1043 267 1051 Α
370 991 493 1088 †Ego
524 999 635 1084 petrus
669 987 806 1062 Cunctis
836 984 896 1082 qui
925 992 998 1080 post
1021 984 1287 1080 subscriptionem
1311 981 1442 1056 testium
1465 982 1633 1077 Complevi
1658 993 1691 1056 et

268 1118 393 1192 absolvi
423 1139 481 1211 per
504 1122 685 1186 memorata
708 1113 802 1186 tertia
827 1109 953 1188 decima
976 1109 1153 1184 indictione
1176 1105 1207 1202 †

896 1498 1070 1570 CCCXLV.

361 1758 392 1854 †
416 1761 452 1832 ln
475 1761 605 1832 nomine
629 1719 753 1832 domini
774 1757 830 1832 dei
853 1757 1018 1832 sdvatoris
1042 1757 1145 1830 nostri
1160 1755 1257 1828 lhesu
1272 1755 1408 1830 Christi:
1423 1757 1603 1850 Imperante
1618 1756 1684 1830 do-
1838 1824 1847 1842 ,

266 1891 356 1962 mino
379 1896 492 1961 nosne
512 1909 683 1962 commane
707 1911 827 1985 magno
850 1889 1048 1982 Imperatore
1075 1909 1161 1958 anno
1184 1887 1351 1959 secundo:
1380 1887 1433 1961 die
1458 1909 1544 1962 nona
1568 1889 1687 1966 mensis

263 2009 451 2109 septembrii
474 2009 653 2084 indictione
676 2017 791 2104 quarta
814 2009 939 2082 decima
963 2008 1110 2102 neapoli:
1138 2007 1271 2080 Certum
1294 2016 1342 2080 est
1355 2032 1408 2082 me
1423 2008 1602 2105 heuprnxia
1618 2013 1685 2086 filia
1737 2059 1740 2066 ,

264 2139 427 2233 qnondam
442 2135 556 2208 cesmii
572 2133 781 2208 subdiaconi:
809 2144 842 2206 et
859 2131 1023 2230 quondam
1038 2132 1141 2202 maria
1158 2129 1320 2226 iugalibus
1337 2134 1396 2229 qni
1409 2135 1472 2207 init
1486 2137 1551 2210 iilia
1568 2136 1683 2208 iohan-

260 2261 313 2333 nis
345 2258 611 2354 scoppolnnrsum
644 2258 705 2351 qui
737 2257 871 2330 fuerunt
902 2256 1072 2376 abitatpres
1102 2257 1143 2328 de
1167 2264 1271 2328 castro
1295 2259 1514 2353 putheolano:
1550 2271 1684 2354 cetego

262 2387 361 2459 modo
385 2385 505 2458 abitare
528 2384 644 2454 videor
667 2382 754 2452 intus
778 2380 905 2450 enbstro
930 2401 1124 2451 cummano:
1162 2384 1193 2452 Α
1227 2385 1367 2477 presenti
1391 2384 1445 2456 die
1467 2385 1687 2478 promtissima

263 2511 439 2586 volumtate
462 2507 658 2582 venumdedi
674 2515 707 2580 et
725 2505 843 2579 tradidi
860 2505 953 2578 rolris
976 2503 1107 2576 domino
1123 2506 1284 2578 laurentio
1300 2511 1478 2582 venerabili
1492 2513 1682 2606 presbytero

267 2651 301 2712 et
323 2638 483 2712 monacho
515 2637 715 2732 disponam
746 2644 779 2706 et
799 2642 908 2706 rector
938 2629 1126 2704 monasterii
1157 2639 1346 2702 sanctorum
1376 2611 1476 2731 sergii
1508 2644 1541 2708 et
1563 2636 1682 2712 bachis

266 2765 325 2860 qni
347 2785 435 2836 nune
458 2769 674 2859 congregatus
708 2769 757 2834 est
779 2759 823 2856 lin
855 2757 1051 2834 monasterio
1074 2767 1263 2832 sanctorum
1287 2759 1436 2837 theodori
1459 2773 1492 2834 et
1515 2761 1686 2838 sebastiani

265 2888 324 2983 quui
348 2885 524 2982 adpellutnr
556 2886 713 2982 cesapicta
750 2885 850 2957 situm
882 2884 919 2957 in
941 2884 1146 2960 viridiarium
1170 2893 1204 2958 et
1226 2896 1260 2958 nt
1281 2897 1378 2962 cunta
1406 2897 1511 2964 sesua
1541 2911 1685 2984 wagre-

265 3017 431 3110 godonem
453 3015 691 3090 monachorum
721 3015 894 3088 memorati
925 3017 1026 3100 sancti
1057 3027 1090 3090 et
1113 3016 1306 3091 venerahilis
1339 3019 1439 3092 vestri
1475 3019 1682 3092 monasterii:
1774 3068 1777 3074 ⁵

263 3141 347 3216 idest
364 3143 528 3236 integrum
544 3164 675 3214 omnem
690 3142 825 3215 lieerem
841 3150 874 3212 et
887 3142 1054 3236 portiones
1080 3164 1172 3216 scum
1196 3143 1408 3238 pertnentias
1423 3167 1511 3218 meus
1526 3153 1685 3240 qnantum

262 3281 296 3342 et
330 3271 495 3367 quomocm
530 3271 612 3342 mihi
643 3279 820 3342 memorata
852 3271 1008 3367 eupraxia
1039 3269 1174 3344 honesta
1207 3270 1318 3366 puelle
1346 3271 1456 3346 obenit
1488 3283 1522 3344 et
1544 3272 1683 3366 pertinet

262 3407 318 3468 eut
341 3396 538 3488 pertinentes
570 3396 668 3468 luerit
699 3419 758 3490 per
792 3395 910 3494 quobis
941 3395 1077 3471 modum
1103 3398 1144 3470 de
1168 3399 1335 3496 integram
1358 3421 1510 3494 eampum
1531 3399 1679 3473 imnum

265 3519 437 3590 memorati
474 3521 573 3590 vestri
605 3521 788 3593 monasterii
823 3524 882 3617 qni
911 3523 1099 3595 nominatur
1127 3545 1254 3596 sesenna
1276 3525 1420 3618 positum
1442 3523 1477 3595 in
1500 3531 1681 3596 memerato

261 3644 425 3718 terrimrio
449 3643 656 3738 putheoleno:
673 3644 792 3740 quibus
806 3666 886 3718 vero
901 3657 1118 3720 memoratum
1132 3667 1287 3743 campum
1301 3645 1387 3720 unde
1403 3663 1535 3718 omnen
1549 3645 1682 3720 lieerem

259 3795 370 3846 meum
394 3771 487 3844 vobis
510 3774 718 3848 venumdedit
741 3785 778 3848 ut
800 3793 898 3870 snper
926 3776 1048 3878 legitur
1072 3777 1144 3848 illut
1168 3777 1341 3874 atpreensit
1363 3799 1423 3871 per
1445 3775 1627 3850 charttdam
1651 3781 1684 3848 et

262 3897 492 3991 pastenondum
515 3897 679 3994 qnondam
700 3898 855 3974 iotanae
882 3903 924 3976 de
946 3925 1057 3976 memo
1081 3901 1237 3995 proabhio
1260 3923 1334 3978 meo
1357 3901 1400 3974 da
1423 3907 1606 3972 memorato
1620 3922 1678 3970 ve·

261 4038 328 4098 stro
350 4026 569 4098 monasterio:
598 4037 631 4100 et
649 4050 708 4120 per
732 4029 800 4122 ipsa
823 4028 968 4100 chartula
999 4028 1228 4122 pastenationis
1251 4037 1299 4100 est
1320 4027 1464 4122 legatum
1487 4027 1523 4099 in
1545 4045 1679 4098 memo-

261 4164 332 4226 ratu
354 4163 463 4234 vestro
486 4157 703 4228 monasterio:
736 4156 856 4228 iterum
885 4161 919 4225 et
940 4154 1105 4248 qnondam
1129 4153 1284 4248 eupraxia
1307 4153 1402 4224 abbia
1425 4175 1497 4226 mea
1521 4155 1678 4252 genitrice

259 4287 438 4354 memorata
460 4279 562 4350 maria
586 4277 742 4375 genitrice
765 4301 838 4370 mee
861 4277 928 4351 filie
956 4281 1126 4350 memorati
1151 4277 1299 4354 iohannis
1322 4281 1363 4354 de
1386 4301 1497 4354 crunno
1518 4279 1677 4377 proeblin

258 4430 333 4480 meo
356 4406 475 4479 iterum
499 4406 567 4500 ipsa
590 4403 665 4476 illos
690 4403 809 4498 legavit
830 4402 866 4476 in
887 4413 1068 4476 memorato
1091 4413 1198 4478 vestro
1222 4405 1447 4477 monasterius
1473 4429 1572 4502 quem
1597 4431 1676 4480 vero
1747 4475 1750 4482 .

258 4536 326 4630 ipse
349 4534 496 4608 chartula
519 4534 744 4630 pestenntionis
766 4555 843 4605 cum
864 4535 1041 4608 memorata
1073 4535 1219 4608 chartula
1240 4533 1410 4632 legationis
1433 4535 1474 4609 de
1496 4547 1674 4609 memorata

257 4661 354 4736 abbia
377 4682 448 4732 men
472 4659 579 4754 hnpud
601 4683 661 4732 vos
683 4658 755 4732 illos
779 4657 927 4731 habetis:
953 4659 993 4731 de
1018 4684 1082 4754 qua
1105 4659 1207 4732 nichil
1229 4657 1312 4732 milri
1325 4659 1445 4734 exinde
1467 4659 1601 4758 aliquod
1615 4685 1673 4738 ro-

227 4849 230 4854 .
257 4787 372 4862 mansit
394 4795 450 4859 aut
472 4786 636 4862 reservari
659 4785 777 4861 necin
800 4784 918 4862 udones
942 4787 1099 4884 cuiusque
1124 4787 1276 4882 personas
1304 4786 1393 4884 qnod
1413 4787 1497 4860 absit
1510 4788 1674 4862 commisit

260 4925 315 4988 aut
337 4915 403 4990 iem
427 4916 595 4992 committo
620 4925 839 5012 potesutem
866 4927 915 4992 set
938 4941 958 4991 a
979 4937 1068 4992 nnnc
1090 4924 1124 4989 et
1146 4915 1297 5015 deinceps
1319 4943 1339 4990 n
1361 4939 1415 4994 me
1430 4915 1523 4992 vobis
1545 4917 1588 4990 sit
1610 4941 1674 4992 ee-
