4896 6522
907 575 1059 671 (ror)

282 733 429 806 concisse
461 729 603 803 debeatis
627 740 660 804 at
683 743 828 806 vestrum
860 735 1066 830 expendium.
1087 745 1146 810 ‘set
1170 738 1276 832 ipsum
1300 736 1491 832 magistrum
1515 740 1574 834 qui
1597 741 1703 834 ipsum

280 859 482 953 pulmentum
507 859 707 932 conciaheris
731 885 794 957 ego
818 869 852 934 et
865 860 1000 936 heredes
1016 865 1098 938 mois
1113 873 1145 936 et
1160 849 1236 938 cum
1253 865 1339 962 ipses
1353 866 1532 938 nominatas
1551 887 1705 960 personas

280 997 312 1061 et
334 1009 412 1061 cum
434 987 568 1060 illorum
592 985 763 1061 heredibus
787 1013 864 1062 eum
887 991 1030 1064 enutrire
1054 993 1228 1066 debeamus
1250 1003 1288 1065 ut
1303 993 1427 1065 iustum
1441 992 1549 1064 luerit.
1575 1001 1608 1063 et
1623 991 1702 1066 dum

278 1117 384 1212 ipsum
409 1117 609 1212 pulmentum
632 1127 666 1189 et
689 1117 925 1191 subsoetorinm
946 1127 979 1190 at
1004 1121 1220 1204 conciandum
1243 1120 1420 1192 habueritis
1443 1142 1502 1190 nos
1521 1118 1615 1189 vobis
1638 1119 1701 1190 ibi-

279 1240 355 1314 tlem
386 1239 532 1312 atinhare
564 1239 749 1314 debeamus.
774 1250 807 1315 et
830 1241 926 1338 quale
949 1265 1058 1316 annuo
1082 1243 1157 1316 illut
1180 1241 1400 1336 potaberimus
1421 1242 1490 1334 ipsa
1501 1241 1589 1334 ligna
1602 1263 1702 1334 qum

279 1369 356 1442 inde
379 1367 602 1462 potaberimus
625 1369 659 1440 in
683 1379 789 1442 vestra
812 1372 855 1442 sit
878 1370 1043 1465 potestate.
1066 1381 1100 1442 et
1123 1370 1305 1444 nullatenus
1328 1367 1554 1463 presummetis
1574 1389 1633 1438 vos
1648 1370 1702 1440 vel

277 1492 416 1587 posteris
448 1491 564 1568 venus
596 1515 656 1563 nec
688 1491 831 1563 habeatis
864 1493 1026 1566 licentiam
1057 1493 1244 1564 memoretis
1267 1493 1362 1564 terris
1386 1494 1503 1564 vostris
1526 1493 1621 1564 sicuti
1643 1515 1702 1585 per

279 1625 349 1716 ipse
372 1643 522 1693 mensure
547 1628 595 1692 est
617 1619 757 1716 qualiter
779 1617 929 1715 superius
951 1617 1071 1714 legitur
1095 1617 1176 1688 mihi
1197 1617 1363 1712 meisque:
1390 1618 1562 1690 heredibus
1586 1621 1699 1693 tollere

279 1771 338 1842 per
360 1749 487 1820 nullum
512 1747 655 1821 modum.
679 1749 761 1820 bene
787 1755 821 1820 et
835 1746 1007 1844 diligenter
1021 1769 1083 1842 ego
1098 1753 1131 1818 et
1145 1743 1279 1816 heredes
1294 1743 1374 1816 meis
1390 1767 1447 1816 eos
1464 1746 1644 1818 lacerantes
1668 1756 1701 1817 et

281 1872 391 1942 omnia
415 1880 604 1942 memorata.
630 1871 840 1965 adimplentes
863 1867 1002 1964 qualiter
1025 1867 1174 1964 superius
1197 1865 1353 1938 diximus.
1370 1874 1404 1936 et
1417 1867 1612 1963 quandoque
1636 1890 1698 1963 ego

277 2003 333 2067 aut
356 1997 493 2070 heredes
515 1999 597 2070 meis
622 1998 715 2070 vobis
737 1997 952 2092 posterisque:
969 1996 1085 2068 vestris
1099 2001 1344 2090 memoratoque
1367 2002 1477 2066 vestro
1500 1994 1696 2066 monasterio

281 2124 354 2196 illut
387 2123 614 2198 abrenuntiare
647 2125 849 2198 uoluerimus
881 2149 958 2198 cum
985 2147 1098 2197 omnes
1121 2125 1192 2196 eius
1216 2121 1455 2197 meliorationes
1477 2121 1640 2194 licentiam
1665 2131 1697 2192 et

280 2263 470 2351 potestatem
487 2255 671 2340 habeamus.
695 2255 723 2326 si
746 2265 824 2327 tunc
848 2255 922 2327 illut
945 2254 1027 2324 bene
1051 2251 1149 2324 luerit
1164 2251 1364 2326 arbustatum
1379 2260 1412 2324 et
1427 2251 1565 2324 vitatum
1581 2259 1619 2321 ut
1634 2249 1695 2322 iu-

276 2393 362 2454 stum
377 2383 486 2456 luerit
502 2391 726 2456 verumtamen
747 2382 775 2450 si
791 2379 924 2474 quidem
940 2379 1079 2452 iohanne
1103 2401 1258 2471 germano
1282 2400 1357 2448 meo
1374 2380 1414 2450 nd
1431 2375 1617 2450 oriundum
1631 2377 1695 2448 bc-

275 2513 361 2581 nerit
390 2511 477 2582 intus
500 2519 680 2581 memorato
701 2507 831 2580 castello
854 2505 1029 2602 puteolano
1056 2516 1092 2576 ut
1106 2507 1226 2576 ibidem
1240 2507 1411 2594 avitaberis
1430 2506 1603 2600 statimque
1626 2505 1690 2577 do-

276 2634 350 2706 beat
372 2635 442 2729 ipae
472 2633 610 2707 iohanne
634 2655 790 2730 germano
822 2655 898 2706 meo
929 2632 1078 2704 lavorere
1101 2639 1278 2700 memorata
1302 2613 1478 2726 terraque
1501 2637 1637 2700 vocatur
1662 2641 1694 2700 ut

276 2763 435 2835 caballaru
468 2787 533 2860 que
566 2763 714 2858 superius
737 2741 819 2836 mihi
846 2762 977 2836 dedistis
1006 2770 1039 2832 at
1062 2759 1273 2834 levorandum
1298 2781 1373 2829 cum
1397 2759 1477 2855 ipsis
1502 2758 1572 2830 aliis
1595 2755 1692 2832 terris

276 2890 393 2962 vestris
417 2899 455 2960 ut
477 2912 574 2986 super
597 2889 718 2986 legitur
741 2889 776 2960 in
791 2889 921 2960 omnem
938 2889 1053 2960 ordine
1069 2895 1104 2959 et
1120 2887 1279 2958 rationem
1294 2886 1433 2982 qualiter
1448 2885 1530 2958 mihi
1542 2889 1692 2982 superius

275 3017 357 3089 illud
379 3015 505 3089 dedisti.
529 3016 814 3089 tantummodout
837 3015 864 3085 si
888 3013 1014 3086 rossel
1029 3013 1166 3108 posteris
1188 3013 1304 3084 uestris
1327 3011 1447 3084 ibidem
1472 3010 1688 3085 obedientiam

276 3137 416 3210 feceritis
440 3149 509 3209 aut·
519 3139 547 3208 si
563 3161 660 3232 super
675 3161 734 3210 vos
747 3137 969 3210 lavoraberitis
983 3138 1147 3209 licentiam
1171 3146 1203 3208 et
1226 3145 1419 3232 potestatem
1434 3137 1579 3209 habeatis
1593 3139 1687 3210 nohis

279 3265 475 3360 nostrisque:
502 3265 675 3336 heredibus
700 3265 773 3338 illut
796 3265 918 3338 tollere.
943 3275 993 3337 set
1007 3267 1048 3337 de
1063 3267 1197 3361 plenum
1210 3289 1271 3339 nec
1284 3268 1325 3340 de
1341 3267 1581 3362 legumenetum
1595 3265 1690 3336 nobis

274 3391 392 3462 exinde
415 3413 482 3462 non
506 3391 637 3463 eiciutis.
661 3393 746 3478 Quia
769 3393 814 3464 ita
836 3395 931 3486 nobis
954 3393 1060 3466 stetit:
1086 3396 1120 3466 Si
1144 3404 1253 3467 autem
1277 3419 1336 3468 nos
1352 3397 1405 3469 vel
1420 3397 1554 3470 heredes
1570 3394 1688 3468 nostris

270 3517 387 3614 quobis
409 3525 556 3612 tempore
578 3529 690 3589 contra
714 3520 799 3591 huna
822 3519 1002 3593 martulam
1026 3533 1065 3594 ut
1088 3547 1186 3618 super
1209 3524 1330 3616 legitur
1345 3524 1457 3596 benire
1474 3545 1684 3618 presruopse-

257 3643 369 3713 rimus
383 3647 416 3712 et
429 3641 464 3712 in
480 3639 603 3736 aliquid
618 3641 732 3714 offensi
748 3641 905 3716 brerimus
921 3668 979 3737 per
994 3647 1111 3741 quobis
1127 3648 1262 3720 modum
1278 3657 1334 3720 aut
1348 3650 1527 3722 summissis
1542 3653 1687 3746 personis

268 3782 345 3842 tunc
368 3769 593 3864 componimus
613 3769 706 3840 vobis
729 3771 949 3867 posterisque:
974 3774 1090 3846 vestris
1114 3785 1146 3846 et
1170 3777 1204 3847 iu
1229 3760 1408 3849 memorato
1433 3787 1541 3850 vestro
1565 3799 1687 3850 mone
1777 3826 1783 3830 ·

197 3905 201 3909 ’
268 3897 368 3968 sterio
402 3896 475 3970 auri
507 3895 626 3968 solidos
657 3895 797 3969 sedecim
820 3897 1039 3992 bythianteos.
1066 3910 1099 3976 et
1120 3899 1182 3971 hec
1207 3900 1352 3972 chartula
1384 3910 1422 3974 ut
1445 3925 1542 3996 super
1564 3904 1686 3994 legitur

267 4028 309 4098 sit
332 4027 450 4096 firma:
480 4025 598 4118 scripta
621 4048 680 4120 per
703 4048 819 4101 manus
840 4026 926 4098 leoni
950 4026 1083 4099 cumulis
1107 4028 1248 4099 scribere
1270 4037 1402 4122 rogatus
1424 4053 1483 4122 per
1506 4029 1682 4102 indictione

267 4159 445 4222 memorata
470 4153 574 4244 prima
589 4149 620 4246 †
636 4151 703 4224 boc
713 4153 891 4248 signum†
913 4177 1029 4229 monus
1052 4159 1222 4232 memorati
1246 4159 1391 4253 gregorii
1424 4159 1512 4254 quod
1536 4181 1597 4254 ego
1621 4161 1680 4258 qui

265 4283 464 4347 memoratos
487 4293 548 4366 pro
572 4295 648 4344 sum
671 4273 848 4364 subscripsi
870 4275 901 4368 †

362 4397 395 4492 †
418 4418 480 4490 ego
504 4393 688 4466 athanasius
711 4393 797 4466 filius
820 4394 944 4471 donini
967 4399 1098 4473 iohanni
1122 4406 1195 4476 tosti
1219 4407 1393 4502 subscripsi
1416 4407 1448 4504 -†

338 4519 392 4616 ,†
416 4541 478 4616 ego
501 4528 612 4615 potrus
634 4517 720 4591 lilius
743 4517 867 4591 hmini
890 4519 1036 4616 stephani
1060 4527 1134 4596 testi
1157 4527 1330 4624 subscripsi
1353 4534 1385 4628 †
1438 4533 1440 4540 '

359 4649 391 4745 †
414 4672 476 4744 ego
500 4661 609 4745 petrus
631 4647 718 4720 lilius
738 4647 868 4722 ‘donnini
889 4651 1003 4720 stelmi
1028 4653 1103 4725 testi*
1125 4654 1299 4747 subscripsi
1323 4657 1354 4750 †
1556 4740 1561 4748 ,

359 4779 390 4874 †
413 4779 485 4876 Ego
502 4779 554 4851 leo
568 4777 705 4850 Gurialit
719 4776 889 4870 Gomphoi
903 4787 936 4847 ct
950 4777 1074 4849 absolvi
1089 4803 1147 4874 pcr
1160 4779 1336 4854 indictione
1347 4795 1524 4860 memorata
1536 4785 1682 4885 prima†

481 4952 485 4962 '
877 4943 1120 4983 *mt-

368 5046 431 5117 l'ol.
456 5049 514 5118 IV.
1282 5075 1322 5135 16
