4888 6528
881 579 1020 686 (rot)

117 766 119 774 ·
252 719 333 824 niibi
355 737 517 822 roorbnbi
540 748 574 818 et
596 735 673 816 inde
694 737 792 816 hebet
813 742 898 838 pessi
919 751 999 817 tres.
1032 753 1064 818 et
1086 743 1198 842 gubitn
1221 742 1320 822 duem
1341 755 1374 822 et
1396 745 1438 822 du
1467 746 1532 822 elio
1564 755 1667 826 letum

252 885 301 947 est
322 881 407 944 terre
430 868 540 952 donati
563 866 627 942 viri
650 866 700 940 tui
722 875 755 940 et
777 863 874 940 hebet
903 866 981 942 inde
1003 865 1040 942 in
1061 867 1263 966 longitudine
1285 871 1370 968 pusi
1394 882 1460 949 tres
1483 885 1516 950 et
1548 877 1661 972 gubitn

252 999 325 1076 dur.
348 997 446 1072 etde
469 1018 537 1072 nno
559 993 664 1092 cupite
687 1001 735 1068 eet
758 1001 843 1068 terre
866 991 908 1068 de
931 994 990 1070 tilii
1013 997 1142 1092 eperani
1164 1000 1206 1075 de
1226 1021 1317 1074 mern
1331 1009 1365 1076 nt
1381 1000 1455 1076 inde
1472 1001 1567 1076 hebet
1584 1028 1665 1100 pss-

250 1146 324 1200 sum
345 1145 449 1198 unum
472 1132 506 1194 et
529 1121 643 1216 gubitn
665 1120 730 1195 dno
753 1129 787 1193 et
810 1141 892 1196 onor
914 1127 1069 1217 quattuor
1092 1131 1124 1193 et
1148 1123 1188 1198 de
1220 1124 1322 1197 olium
1345 1125 1465 1220 cupitos
1496 1137 1544 1199 est
1581 1137 1668 1202 terre
1790 1193 1792 1200 ,

249 1252 353 1326 sunni
375 1250 436 1326 titii
458 1249 616 1346 sopiant,
630 1247 700 1345 lupi
721 1254 755 1320 et
776 1247 854 1324 inde
876 1247 974 1322 hebet
1004 1271 1132 1347 pessum
1157 1275 1261 1326 nnnm
1284 1264 1317 1327 et
1339 1255 1454 1351 gubite
1476 1259 1551 1330 trie.
1577 1257 1665 1330 inter

249 1399 363 1453 omnes
385 1378 462 1450 istro
483 1375 563 1450 fines
585 1385 619 1447 et
640 1397 806 1450 mensurus
835 1397 895 1450 nee
921 1373 1004 1448 mihi
1036 1399 1102 1472 que
1134 1397 1232 1474 snpra
1265 1379 1386 1464 selliote
1417 1399 1478 1454 neo
1509 1386 1550 1458 nd
1583 1385 1662 1458 elios

248 1507 399 1582 homines
420 1501 520 1578 nichil
544 1503 705 1577 resorbebi
737 1511 785 1576 net
808 1525 873 1584 une
896 1523 972 1576 cum
995 1503 1047 1576 vio
1076 1516 1111 1578 et
1134 1508 1239 1580 endite
1268 1531 1331 1582 suo
1363 1519 1397 1581 et
1428 1527 1505 1582 cnm
1529 1512 1666 1584 inferius

251 1641 284 1706 st
305 1628 452 1727 superine
474 1635 578 1700 tutum
601 1637 634 1699 et
658 1627 820 1721 integrum
852 1625 912 1698 tivi
935 1625 1009 1700 illos
1033 1627 1228 1700 venumdedi
1257 1629 1297 1700 ed
1321 1629 1481 1703 obendum
1504 1641 1538 1702 et
1559 1635 1665 1726 possi·

251 1757 392 1832 dondum
414 1753 545 1827 nomine
567 1752 654 1826 unde
677 1761 710 1824 et
731 1767 790 1846 per
823 1751 906 1825 hene
928 1774 1001 1824 men
1032 1751 1215 1824 venditione
1238 1752 1408 1824 mnniieeto
1430 1777 1493 1849 ego
1516 1773 1581 1850 que
1605 1779 1666 1828 sn·

249 1905 308 1979 pro
331 1885 451 1957 sellictn
473 1883 551 1979 quin
574 1891 739 1976 receptum
761 1879 867 1954 hebeo
889 1905 908 1953 n
940 1889 971 1952 te
994 1901 1059 1976 que
1087 1901 1183 1974 supro
1205 1882 1325 1956 mundo
1349 1883 1482 1956 embiee
1497 1905 1570 1957 men
1585 1887 1669 1959 idest

250 2013 331 2085 ruri·
344 2013 408 2083 teri
432 2012 499 2085 dni.
521 2036 560 2086 en
583 2031 663 2085 vero
685 2009 813 2084 ratione
835 2017 872 2082 ut
895 2011 1011 2085 modo
1042 2022 1075 2082 et
1097 2029 1224 2108 semper
1254 2021 1292 2086 tn
1324 2035 1389 2108 que
1418 2035 1516 2111 repre
1551 2020 1670 2089 munda

250 2151 283 2214 et
305 2149 379 2214 tuos
403 2139 539 2212 heredes
562 2137 645 2210 benc
670 2157 742 2212 mee
765 2131 955 2212 venditione
977 2135 1062 2210 sicut
1084 2138 1233 2232 superins
1256 2137 1376 2234 iegitur
1399 2160 1514 2213 securo
1538 2145 1669 2214 nomine

249 2265 392 2357 hrbestis
416 2273 450 2334 ct
473 2261 678 2358 possidentis.
703 2284 747 2336 ex
769 2281 834 2358 qun
857 2259 1049 2356 repromitto
1073 2285 1136 2358 ego
1159 2285 1224 2359 que
1246 2285 1344 2362 snprn
1368 2266 1489 2338 rellicta
1508 2275 1541 2336 et
1555 2267 1668 2362 obligo

250 2419 305 2469 me
327 2403 361 2463 et
382 2392 465 2463 meis
487 2379 662 2462 hsr‘edibus
684 2387 745 2458 tivi
767 2411 833 2482 que
856 2409 951 2482 supro
974 2393 1093 2462 mundo
1116 2401 1150 2460 et
1170 2393 1234 2464 tuis
1254 2393 1426 2468 heredibus
1450 2395 1671 2472 venditionem

251 2527 396 2591 noenum
420 2537 480 2588 nos
504 2512 598 2586 vobis
621 2511 662 2583 nb
685 2509 834 2582 omnibns
857 2509 1041 2582 bominibm
1064 2512 1215 2584 nntisure
1239 2524 1274 2586 et
1295 2516 1465 2589 defendere
1494 2522 1668 2595 debeamus

252 2639 343 2740 qnod
366 2641 394 2712 si
418 2663 486 2711 non
507 2633 710 2736 potuerimus
732 2642 771 2704 nt
794 2632 867 2704 illos
890 2655 949 2727 per
973 2634 1076 2728 legem
1099 2629 1335 2729 perdiderimus
1367 2641 1407 2710 de
1430 2641 1574 2712 colludio
1595 2647 1624 2716 si
1649 2667 1668 2716 a
1810 2653 1813 2660 '

251 2767 310 2844 boe
334 2765 452 2862 pulsati
477 2763 633 2838 fuerimus
655 2787 674 2834 n
697 2757 750 2834 dei
773 2761 938 2856 evangelie
961 2763 1055 2835 vobis
1077 2763 1308 2836 satisfaciemus
1323 2774 1357 2837 et
1370 2766 1528 2861 dupplnm
1545 2791 1668 2868 supro-

253 2897 377 2970 diotum
401 2893 542 2990 pretium
565 2915 630 2964 uno
654 2913 730 2962 enm
753 2889 903 2964 omnibns
925 2889 992 2962 snio
1014 2887 1173 2965 hedificiis
1195 2901 1229 2964 et
1243 2893 1557 2967 remeliorrtionibus
1573 2899 1668 2973 vobis
1815 2907 1819 2915 ’

251 3025 457 3098 restituemus
480 3017 632 3112 pretinm.
654 3015 738 3085 Nem
761 3014 790 3086 si
813 3031 876 3109 ego
891 3035 955 3110 qne
970 3032 1068 3108 supro
1085 3011 1207 3086 seliicte
1226 3023 1281 3087 nnt
1295 3016 1377 3088 meis
1389 3013 1562 3094 heredibus
1578 3045 1669 3096 ven-

251 3145 373 3220 ditione
397 3143 457 3216 nu
482 3153 612 3214 tornare
635 3147 691 3214 ent
714 3141 917 3236 dirrumpere
939 3140 1152 3236 quesierimus
1166 3149 1243 3214 tnnc
1258 3145 1483 3240 componimus
1499 3149 1562 3222 tiri
1579 3153 1668 3226 run-

251 3293 317 3370 quo
340 3265 513 3342 heredibus
535 3265 619 3344 idest
644 3263 715 3336 ruri
737 3263 859 3336 solidos
880 3261 992 3336 decem
1015 3265 1186 3338 risnnteos
1217 3276 1251 3338 et
1282 3264 1343 3339 hee
1370 3267 1516 3346 chartule
1548 3277 1669 3350 vendi-

250 3397 349 3472 tionie
371 3396 456 3470 sicut
478 3394 630 3490 superins
647 3393 768 3490 iegitur
790 3395 832 3467 sit
854 3393 957 3470 tirmn
981 3389 1079 3491 quoin
1102 3405 1135 3467 te
1158 3394 1331 3470 adeodatus
1353 3397 1520 3497 presbyter
1543 3411 1576 3474 et
1600 3423 1668 3477 no-

251 3521 351 3596 tuiue
375 3516 515 3592 emere
538 3517 727 3612 rogavimus
750 3517 784 3588 in
807 3516 938 3590 civitate
960 3515 1115 3590 sueonie.
1185 3513 1193 3530 '

347 3641 380 3740 †
400 3643 474 3738 Ego
496 3647 606 3736 petrus
629 3638 886 3740 archipresbyter

346 3773 377 3868 †
400 3773 472 3866 ligo
497 3769 651 3843 iohannes

252 3909 255 3916 ⁴
347 3891 378 3990 †
401 3895 472 3991 Ego
496 3884 632 3972 enhmuv

585 4153 597 4194 i
