4896 6522
890 559 906 655 (
931 565 995 636 ter
1020 561 1033 658 )

232 715 389 792 nuatum
403 737 470 812 que
484 713 605 788 ibidem
617 715 1050 794 minaberimminnoetrr
1063 719 1247 820 omenque
1255 724 1397 820 puerile
1405 725 1583 804 testem
1598 734 1663 808 siut

230 847 384 934 pomata
405 840 492 916 unde
515 841 638 914 nullam
661 842 753 916 vobit
777 843 894 918 erineo
917 845 1062 940 namatio
1083 855 1141 922 aut
1164 847 1297 924 teilntir:
1329 859 1363 926 et
1385 852 1525 950 deenp
1546 879 1659 954 qm·

232 977 303 1040 tum
324 968 440 1046 binum
462 969 584 1044 ibidem
607 970 697 1046 omui
719 993 826 1046 annue
849 971 942 1048 nette
957 973 1106 1050 donum
1124 976 1205 1052 deun
1218 977 1345 1052 deurit
1361 983 1522 1056 mhm
1533 993 1568 1056 et
1583 1007 1662 1058 eau-

230 1097 798 1192 ammonitionibus
830 1099 913 1174 inter
943 1100 1037 1174 nobie
1067 1125 1127 1198 per
1157 1103 1347 1180 mediatatur
1384 1114 1660 1205 voeetpoeter'n

231 1225 346 1300 ventu
364 1233 397 1298 et
419 1233 604 1300 memorato
624 1233 732 1300 ventre
756 1227 949 1302 monanterio
971 1228 1167 1314 medietate3
1190 1240 1225 1303 et
1250 1254 1313 1305 noe
1333 1235 1507 1308 eumerio
1521 1240 1661 1332 propriis
1765 1323 1771 1332 ¹

230 1348 403 1423 heredibus
425 1349 576 1422 similiter
607 1349 668 1422 alia
690 1351 887 1424 medietatee
908 1358 940 1422 et
962 1352 1032 1446 ipea
1052 1355 1225 1428 medietate
1248 1351 1356 1429 ventu
1378 1377 1440 1431 noe
1461 1371 1495 1432 et
1527 1363 1665 1458 propnb

230 1473 350 1546 nostrie
372 1471 544 1547 beredibun
567 1471 658 1545 vobis
672 1474 852 1567 verbisque
867 1475 1002 1566 poneris
1016 1476 1108 1546 omini
1121 1497 1227 1548 annm
1241 1486 1349 1552 tmere
1361 1481 1535 1558 debemus
1554 1503 1660 1586 unque

234 1601 276 1672 ad
298 1599 352 1672 illa
375 1599 556 1672 obedientia
579 1607 686 1670 vestra
709 1599 811 1670 aneti
834 1598 939 1672 bonilii
962 1600 1003 1672 de
1018 1601 1175 1677 nouuuir
1190 1601 1259 1674 eine
1274 1605 1365 1677 omui
1380 1612 1661 1686 amaricatione:

236 1737 270 1799 et
293 1749 352 1802 noe
375 1735 408 1800 et
431 1727 570 1824 propriis
591 1727 708 1799 nostrie
730 1726 904 1801 heredibus
926 1727 1018 1801 omni
1043 1749 1149 1802 annue
1171 1725 1244 1802 ibon
1267 1731 1471 1808 vendemiare
1493 1735 1663 1814 debeamus

541 1853 656 1926 vinum
680 1862 713 1924 nt
734 1852 911 1929 bibendum
934 1863 968 1926 et
990 1863 1073 1928 untu
1096 1875 1158 1950 pru
1180 1855 1396 1932 eoudiendum
1420 1865 1454 1930 ot
1476 1857 1554 1954 ipsit
1577 1885 1661 1959 ope·
1758 1890 1760 1894 ¹

230 1979 327 2052 uariis
349 1981 408 2075 qui
430 1981 550 2055 ibidem
573 1981 848 2056 bendemiaverint
1405 1994 1438 2058 et
1461 2010 1520 2083 per
1542 1989 1662 2064 vinde·

233 2107 317 2177 ntiae
347 2107 428 2180 dum
459 2127 611 2204 personae
644 2121 764 2182 vestrm
787 2109 910 2182 nutrire
934 2109 1108 2184 demamus
1129 2111 1296 2206 quomodo
1317 2111 1440 2186 tuum
1462 2103 1560 2188 iuuit
1583 2117 1663 2192 dum

232 2230 270 2300 in
294 2251 395 2303 unum
418 2230 738 2305 bindemiuberimnne
761 2241 793 2305 et
818 2241 953 2328 quantae
976 2241 1138 2306 outmee
1162 2243 1194 2306 et
1217 2232 1458 2309 imeetoeemni
1474 2255 1580 2310 unone
1602 2237 1664 2309 ibi·

234 2356 312 2430 dem
335 2378 394 2453 per
415 2368 560 2453 tempore
583 2358 708 2432 abuerit
729 2333 910 2432 dibidamue
932 2358 1006 2434 illue
1024 2359 1108 2433 inter
1130 2359 1223 2433 nobie
1245 2362 1427 2460 nostrisque
1450 2364 1587 2458 poeterle
1606 2387 1664 2440 een

235 2484 411 2559 heredibus
420 2507 479 2580 per
490 2485 658 2560 medietate
671 2495 704 2560 et
719 2487 787 2581 ipen
799 2486 967 2560 medietate
979 2497 1084 2560 veona
1100 2486 1192 2560 vebis
1208 2497 1313 2560 naue
1327 2489 1500 2561 debeamus
1514 2509 1618 2585 utque
1631 2501 1663 2562 at

236 2616 309 2708 ipra
331 2614 531 2689 obedientia:
555 2625 587 2688 et
609 2636 669 2688 noe
691 2624 723 2690 et
735 2616 875 2713 propriis
890 2616 1007 2690 noebie
1021 2613 1194 2688 heredlbm
1210 2615 1284 2687 illos
1302 2609 1456 2710 colligere
1470 2615 1660 2690 debeemm:

239 2751 281 2810 et
298 2743 429 2836 maudo
451 2741 572 2815 ibidem
595 2743 726 2838 glandee
749 2741 877 2816 abuerit
900 2741 998 2814 eubm
1020 2749 1126 2838 purten
1149 2739 1218 2813 itte·
1249 2739 1403 2834 bebigure
1425 2738 1597 2812 debeamus
1629 2751 1662 2814 et

240 2866 421 2944 dibidemue
443 2869 513 2942 illee
536 2871 619 2944 inter
641 2871 735 2944 nobie
757 2872 939 2965 nostrisque
960 2869 1097 2964 posteris
1117 2891 1179 2942 eeu
1201 2866 1375 2942 heredibus
1395 2889 1455 2962 per
1467 2867 1657 2942 medietate:

241 2995 363 3087 etipse
388 2994 567 3080 medietate
583 3003 689 3068 uestra
713 2993 805 3068 vobis
827 2993 1007 3088 vestrisque
1030 2990 1166 3088 porteris
1189 2998 1294 3064 traete
1318 2989 1491 3064 debeamus
1508 2991 1593 3063 intur
1606 2989 1661 3062 illa

241 3117 424 3189 obedientia
447 3129 570 3190 vestra:
596 3129 629 3189 et
653 3141 718 3191 uon
734 3119 856 3192 mentis
878 3119 1041 3192 licentiam
1062 3139 1124 3190 voe
1147 3125 1181 3189 et
1196 3116 1333 3212 poeoerie
1349 3115 1464 3190 venis
1479 3124 1513 3188 et
1528 3136 1659 3188 memo·

242 3251 316 3314 rato
339 3249 448 3312 neutro
471 3243 678 3316 monasterio.
703 3244 798 3316 nobie
821 3236 1004 3340 noetrieq'ue
1027 3243 1167 3340 propriis
1190 3243 1363 3318 heredibus
1383 3241 1459 3316 illoe
1473 3241 1586 3314 tollere
1601 3263 1659 3336 per

245 3363 375 3437 nubum
394 3347 532 3464 modum
553 3389 615 3440 neo
637 3391 696 3462 peu
717 3371 903 3442 summisere
924 3389 1097 3464 pertenue:
1122 3389 1205 3441 vene
1229 3388 1288 3440 noe
1310 3373 1343 3442 et
1369 3365 1511 3462 propriis
1545 3365 1664 3439 noetrie

243 3488 416 3562 heredibus
439 3489 513 3563 illoe
536 3491 718 3563 laborantes
742 3501 776 3562 et
799 3492 908 3565 omnia
931 3502 1109 3566 memornta
1133 3493 1344 3587 edmplentee

246 3603 391 3691 notamen
414 3617 503 3690 etetit
527 3616 613 3690 inter
638 3619 732 3692 nobie
755 3628 793 3692 ut
815 3621 845 3692 ei
868 3642 928 3694 roe
951 3629 1007 3694 aut
1029 3621 1166 3715 poetelie
1188 3621 1303 3694 vestre
1325 3629 1399 3716 poet
1413 3641 1522 3694 meme

333 3741 428 3813 leone
444 3762 599 3838 germane
609 3763 684 3814 meo
698 3743 768 3836 ipen
783 3749 869 3814 mma
883 3762 981 3836 muer
995 3763 1056 3814 noe
1071 3741 1214 3817 laborare
1228 3744 1398 3836 potueritis
1408 3742 1494 3814 elara
1508 3741 1590 3814 laeta
1607 3763 1664 3814 ve·

243 3872 339 3943 ritate
354 3870 474 3965 urbeque
486 3871 576 3942 omni
590 3869 733 3944 oolludio
748 3869 920 3944 licentium.
937 3869 1055 3944 meum
1070 3879 1144 3966 poet
1160 3871 1309 3944 boetrum
1321 3871 1447 3944 obitum
1462 3869 1536 3942 illoe
1549 3869 1663 3941 tollere

245 4009 280 4066 at
303 3996 380 4089 ipeie
402 3998 522 4070 noerio
543 3997 685 4093 propriis
700 3996 874 4072 heredibus
886 4007 919 4071 et
931 3997 1005 4072 illoe
1020 4019 1117 4091 nuper
1132 4017 1191 4070 voe
1205 3996 1351 4068 laborare
1365 3995 1517 4070 debeatis:
1543 4003 1575 4066 et
1587 3995 1615 4066 ei
1628 3994 1664 4066 in
1792 4095 1799 4102 ι

244 4129 340 4214 parte
356 4129 388 4191 ut
403 4121 613 4196 bborandum
627 4123 701 4194 illue
715 4131 748 4194 at
761 4123 837 4196 dure
851 4123 1005 4197 abueritie
1018 4145 1077 4198 voe
1092 4133 1125 4197 et
1136 4124 1274 4220 poeteuie
1288 4123 1402 4198 vetris
1416 4120 1490 4196 illoe
1508 4121 1584 4194 dare
1599 4121 1662 4194 de-

244 4244 349 4316 bentia
364 4253 438 4340 poet
454 4253 599 4316 noenum
616 4243 738 4314 obitum
753 4256 786 4312 at
798 4243 877 4335 ipeie
886 4247 1004 4318 uuetrie
1019 4245 1159 4342 propriis
1174 4243 1344 4320 heredibus
1359 4245 1395 4316 in
1407 4252 1586 4316 memorato
1597 4243 1665 4338 pla·

244 4370 315 4442 cito
330 4379 367 4440 ut
378 4388 475 4462 nuper
489 4366 621 4460 legitur:
637 4375 669 4438 et
682 4365 710 4436 ei
725 4361 797 4434 illue
807 4364 950 4440 volueris
962 4367 1109 4443 laborare
1123 4369 1286 4442 licentiam
1300 4366 1418 4440 abeam
1433 4365 1506 4439 illue
1516 4365 1592 4440 dare
1608 4367 1663 4438 eui

247 4497 428 4572 uolueritis:
446 4509 480 4571 et
501 4496 695 4592 quaudoque
717 4515 779 4566 noe
794 4501 826 4566 et
841 4492 920 4588 ipeie
935 4493 1074 4590 propriis
1090 4497 1206 4570 ueruto
1223 4496 1394 4570 heredibus
1407 4495 1482 4568 illue
1498 4496 1664 4566 abrenun-

247 4631 332 4702 tinne
348 4627 550 4702 voluerimus
574 4625 738 4698 licentiam
761 4633 794 4694 et
816 4631 1008 4718 potestatem
1024 4623 1177 4696 abeamus
1192 4624 1285 4698 vobin
1295 4625 1471 4720 vertrisque
1485 4622 1619 4718 poterit
1634 4631 1667 4696 et

249 4757 289 4829 iu
303 4763 483 4830 memorato
505 4762 614 4826 vestro
638 4751 832 4826 monasterio
846 4751 921 4824 illue
936 4751 1160 4826 abrenuntiare
1176 4752 1375 4826 erbmtatum
1387 4763 1420 4826 et
1434 4753 1572 4826 vitatum
1586 4772 1663 4824 eum

251 4880 343 4954 omni
365 4899 423 4952 ena
445 4875 688 4948 melioratione:
714 4871 793 4970 quin
815 4871 860 4942 ita
884 4871 977 4944 nobie
1000 4871 1141 4967 placuit:
1173 4872 1207 4944 st
1240 4883 1347 4946 autem
1370 4873 1463 4946 aliter
1491 4871 1662 4947 fecerimus
