4934 6532
933 585 1052 684 tot

371 757 442 830 Quod
460 773 535 832 porro
554 755 641 812 attinet
660 753 691 810 ad
710 750 904 816 Dracouariam,
929 759 987 804 sunt
1006 747 1050 822 qui
1070 762 1135 804 anno
1158 745 1235 804 toott
1255 746 1302 804 boc
1322 745 1441 820 oppidum
1461 765 1476 804 a
1495 749 1596 807 Graecis
1615 751 1714 824 cased}

289 875 392 933 tuoto
413 873 547 929 memorio
566 867 727 943 posueram
747 875 811 920 too
829 862 943 934 ughello
957 861 1045 934 (root.
1063 858 1123 917 soe.
1142 859 1169 914 r.
1185 860 1210 916 o.
1225 847 1409 934 o'spuopo
1423 859 1682 920 mouumentum
1689 864 1714 937 ).

291 984 385 1044 Eadem
407 981 482 1038 Μὴ
502 979 649 1036 laureotius
668 975 812 1032 Gittstiuiani
832 975 847 1047 (
857 973 964 1029 boton.
983 969 1113 1046 (iecoros-
1128 987 1154 1026 tt.
1168 969 1346 1042 Drcyotturt'u
1354 973 1389 1046 )‚
1411 974 1540 1048 carpitque
1554 973 1715 1047 Ugbollium,

293 1097 361 1172 quod
379 1097 488 1170 priorem
508 1093 562 1150 eius
581 1091 717 1149 i'atbcdrac
735 1089 884 1162 Episcopum
903 1087 1059 1144 adfirmasset
1078 1087 1154 1144 bristo
1166 1084 1291 1157 Ιςιιὶιιιιω
1305 1103 1369 1142 anuo
1384 1085 1463 1154 961,
1483 1103 1534 1160 quo
1547 1087 1658 1146 nondum
1672 1108 1716 1147 εχ.

293 1217 403 1266 tructum
423 1207 541 1280 oppidum
560 1205 623 1261 illud
642 1204 741 1271 rueram
761 1203 804 1260 sed
824 1201 912 1257 iatsam
932 1199 1071 1256 huiusmodi
1092 1199 1240 1256 seutentiam
1253 1198 1319 1272 apud
1334 1199 1475 1272 Ugbelliutn
1488 1217 1533 1259 tros
1553 1201 1655 1260 minime
1674 1205 1717 1260 de·

293 1319 480 1394 protendimus.

376 1430 415 1486 Ex
435 1429 550 1485 omnibus
569 1429 689 1486 hacteuus
710 1427 789 1484 allatis
808 1425 953 1485 toedmonis
974 1435 1028 1482 tum
1048 1424 1081 1482 do
1099 1423 1229 1483 vetustiori
1247 1424 1456 1485 Nortmanuorum
1469 1427 1598 1496 adventu,
1617 1439 1673 1486 tum
1686 1429 1719 1487 de

296 1539 397 1595 condito
415 1538 578 1595 [incontrito
598 1537 708 1613 oppido,
729 1553 777 1593 non
797 1536 925 1592 immerito
944 1536 1070 1608 arguimus
1089 1535 1149 1591 mbd
1168 1553 1202 1590 ex
1221 1545 1327 1610 utraque
1346 1554 1375 1594 rc
1394 1537 1488 1594 hauriri
1506 1555 1599 1612 posse,
1621 1556 1668 1596 our
1686 1542 1719 1597 de

297 1618 435 1723 praesentis
455 1651 596 1724 diplomatis
615 1653 718 1709 ueritate
737 1649 869 1724 qtrisquam
889 1648 1036 1718 addubitet,
1068 1659 1095 1706 et
1124 1649 1290 1724 chronologici
1320 1651 1432 1725 proiecto
1450 1653 1541 1708 erroris
1560 1652 1719 1710 arcessendos

297 1781 355 1820 esse
377 1765 529 1839 scriptores,
555 1747 602 1838 ¹qui
621 1765 716 1822 nullum
735 1765 942 1824 Nortmannorum
962 1765 1091 1821 ductorem
1113 1773 1172 1821 aute
1191 1781 1284 1821 annum
1306 1763 1384 1823 1016
1397 1765 1496 1822 'nostris
1515 1763 1644 1839 atilapsum
1664 1783 1720 1822 esse

298 1874 423 1932 littoribus
443 1894 490 1950 pro
510 1887 579 1934 certo
598 1877 748 1934 habueruut.

992 2095 1023 2164 l.

716 2315 895 2374 uutffluattt
915 2317 1051 2375 centn.
1071 2315 1144 2372 Pru.
1166 2316 1215 2373 11.
1236 2317 1267 2375 V.
1287 2317 1317 2374 2.

383 2548 505 2608 Peaossns
525 2545 668 2604 membrana
687 2561 746 2600 oum
765 2543 903 2600 secundum
923 2551 1052 2600 mouseat
1073 2557 1167 2600 annom
1187 2540 1353 2598 Bencromni
1375 2541 1498 2616 Principis
1511 2545 1661 2608 landolfiin
1674 2547 1724 2604 bu-

304 2673 362 2722 catu
382 2661 517 2736 Capusno,
536 2661 629 2718 habere
648 2677 707 2717 sano
726 2669 808 2734 potest
827 2669 857 2715 ut
875 2657 981 2715 alterum
999 2667 1215 2724 monumentum,
1234 2673 1266 2712 ex
1286 2673 1338 2730 qoo
1356 2667 1473 2728 arguatur
1491 2657 1535 2724 id,
1555 2659 1622 2733 quod
1641 2630 1724 2718 asoto

301 2775 361 2832 lieo
381 2776 396 2844 (
414 2791 439 2830 o.
461 2788 484 2830 o.
500 2787 532 2846 p.
553 2769 616 2830 ³05.
635 2775 650 2847 )
669 2770 797 2830 contendit
814 2773 934 2830 adversus
954 2759 1111 2840 cestarium,
1146 2787 1238 2844 nempe
1257 2769 1407 2828 Pandull'om
1426 2768 1572 2844 cognomine
1590 2771 1724 2842 Rubrum,

304 2903 366 2946 oum
387 2888 509 2944 minorem
528 2886 563 2944 ob
581 2896 687 2944 aetatem
706 2885 897 2944 administrando
915 2885 1022 2943 meod
1040 2887 1156 2960 Capuano
1174 2885 1256 2958 impar
1273 2895 1391 2954 extum,
1413 2883 1461 2942 sibi
1480 2884 1547 2942 ines
1560 2883 1726 2944 dominatione

307 2997 417 3074 sociasse
437 3007 555 3071 patruum
575 2997 743 3067 Pandullum,
764 2999 806 3074 qui
825 2997 977 3071 Principatui
995 2997 1169 3054 montano
1188 3007 1309 3070 praeerat

999 3224 1042 3296 lt.

788 3435 967 3496 mittut
987 3437 1075 3496 tucn.
1095 3437 1169 3496 PAG.
1192 3437 1259 3497 105.

390 3654 566 3740 ppogropbum
587 3651 655 3719 boo,
674 3650 747 3708 cuius
766 3651 944 3726 autographum
965 3652 996 3709 ad
1016 3671 1108 3710 mmum
1131 3653 1208 3710 1016
1229 3666 1345 3730 spectat,
1376 3672 1440 3713 auno
1462 3657 1537 3715 1021
1562 3663 1729 3735 couscriptum

308 3765 389 3826 inisse
407 3765 478 3839 argui
496 3772 581 3837 potest
599 3773 654 3820 tum
673 3777 707 3818 ox
726 3761 876 3830 Metione,
896 3781 971 3836 quam
992 3764 1104 3822 Prioami
1123 3777 1150 3822 ot
1168 3766 1293 3824 'fabulari
1312 3766 1505 3845 mbscriptiones
1525 3771 1551 3825 in
1570 3771 1640 3828 aloe
1660 3790 1731 3845 prae-

220 3887 226 3899 ·
310 3878 441 3944 adimunt,
473 3886 529 3934 tum
548 3891 582 3932 ex
601 3874 725 3932 mentione
742 3873 833 3932 ibidum
853 3875 916 3932 iacta
929 3875 967 3937 ,dc
985 3875 1075 3933 loanue
1093 3875 1201 3936 Rectore
1220 3880 1362 3938 monosterii
1380 3879 1422 3937 Ss.
1442 3879 1584 3948 Theodori,
1609 3891 1636 3937 et
1655 3881 1732 3937 Sebu-

312 3985 470 4061 κωφῇ
488 3987 577 4044 omem
597 3984 646 4043 too
665 3982 917 4056 numentanos
937 3982 1131 4058 sparnum
1149 3987 1175 4042 n
1195 3988 1339 4044 monton
1357 3988 1414 4044 mot
1436 3987 1513 4044 soar
1535 3989 1732 4046 muscosos

312 4115 417 4160 numero
435 4098 591 4158 GOEXXXll.
1297 4121 1300 4127 ·

997 4321 1053 4392 iil.
1135 4328 1144 4343 “

787 4539 1178 4602 rumorosorum.
1200 4539 1268 4598 roo.
1388 4509 1392 4516 '

399 4771 723 4845 umosommotoatds,
742 4765 1157 4844 quaoinPrimarbetTabulaui
1176 4761 1736 4846 mmorpomirusoooorrmuttqoetopo·

318 4885 729 4962 mapumtoeooommun
749 4877 1357 4959 mopapmmntsqotoqoeusptmstom
1381 4880 1736 4942 ouuanrottlttexsut·
1856 4885 1860 4894 '

319 5001 495 5074 ptumiurorit.
535 5007 539 5016 ·
