4896 6522
931 545 1053 648 (4³)

280 702 386 776 albno
407 699 557 774 benditor
579 702 658 798 quia
679 708 847 802 reseptnm
868 711 903 779 et
924 707 1122 803 eompletum
1144 709 1250 784 babeo
1273 713 1417 806 pretium
1440 715 1543 811 haput
1564 697 1631 792 me'
1647 722 1690 795 ba
1734 734 1738 740 ·

278 835 310 895 te
332 824 391 920 qui
414 845 511 918 snpra
530 823 627 918 ligeri
650 825 845 920 neapolitani
877 833 1035 900 emtorem
1057 851 1180 906 meum.
1203 831 1288 905 ldest
1309 833 1429 907 solidos
1452 837 1584 933 triginta
1607 840 1692 914 hana

279 950 441 1046 quadtuor
470 959 556 1023 tures
587 976 646 1046 per
669 953 789 1024 solidos
812 939 855 1023 et¹
869 951 932 1022 tari
956 953 1024 1024 dari.
1048 955 1130 1032 sieut
1153 955 1238 1028 inter
1260 957 1355 1031 nobis
1378 941 1543 1034 eombenit
1565 937 1696 1039 linitum

179 1067 181 1072 ’
278 1078 358 1150 bero
381 1078 531 1172 pretium.
556 1101 594 1150 ea
617 1078 739 1150 etenim
771 1078 895 1151 ratione
927 1091 1084 1174 quatenus
1107 1083 1224 1154 amodo
1247 1096 1281 1156 et
1304 1107 1430 1184 semper
1456 1095 1492 1162 tu
1515 1091 1575 1186 qui
1597 1101 1698 1190 'supra

279 1204 380 1300 ligeri
402 1204 607 1299 neapolitano
631 1215 664 1276 et
697 1213 768 1276 tuos
800 1205 935 1279 heredes
968 1207 1105 1280 firmiter
1131 1195 1698 1318 ἱ1111111111ε1ρ11111111111111’ἱετίερτε
1771 1293 1774 1298 ,

137 1345 142 1361 “
278 1331 463 1430 supradicta
488 1354 560 1404 mea
583 1331 769 1404 benditione
791 1343 824 1404 et
847 1335 971 1406 iacietis
995 1336 1111 1408 exinde
1128 1337 1239 1409 omnia
1262 1360 1327 1432 que
1350 1341 1443 1414 vobis
1466 1342 1631 1436 placuerit.
1655 1347 1699 1418 Et

281 1453 394 1548 obligo
416 1475 478 1546 ego
505 1453 564 1546 qni
588 1473 684 1546 supra
717 1453 824 1523 allano
858 1453 1006 1526 beaditor
1028 1479 1082 1527 me
1106 1465 1139 1526 et
1161 1455 1299 1530 heredes
1321 1481 1414 1533 meos
1437 1463 1497 1534 tibi
1519 1466 1579 1561 qui
1602 1489 1700 1564 supra
1750 1545 1754 1553 ,

280 1577 378 1671 ligeri
400 1573 593 1666 neapolitani
616 1583 650 1646 et
673 1575 713 1644 ad
737 1573 800 1646 tuis
817 1573 989 1647 heredibus
1004 1575 1129 1669 integra
1144 1578 1326 1669 supradicta
1344 1603 1418 1668 mea
1433 1584 1618 1660 banditiene
1635 1589 1699 1663 de-

281 1705 409 1776 tendere
433 1713 465 1774 et
488 1710 644 1774 antestare
667 1699 806 1774 hamodo
829 1713 862 1774 et
885 1725 1010 1798 semper
1032 1703 1096 1774 hab
1119 1704 1270 1776 omnibus
1294 1703 1478 1780 bominibus
1500 1685 1573 1784 hab
1589 1719 1696 1804 omni·

277 1849 344 1922 que
367 1805 520 1920 partibus.
542 1827 585 1898 Et
608 1827 737 1920 1111111110
765 1825 930 1899 bolueritis
957 1829 1075 1924 tuqui
1098 1851 1194 1924 supra
1216 1827 1315 1924 ligeri
1336 1831 1541 1925 neapolitano
1566 1845 1598 1906 et
1621 1847 1696 1910 tuos

279 1949 414 2021 heredes
447 1950 487 2021 de
515 1951 659 2044 predicta
690 1973 762 2023 mea
785 1950 971 2022 benditione
998 1950 1162 2022 licentiam
1185 1959 1219 2024 et
1241 1961 1429 2048 potestatem
1452 1954 1596 2030 habeatis
1620 1959 1695 2031 biee

278 2097 350 2148 mea
373 2073 427 2146 rel
455 2071 497 2142 de
521 2073 603 2144 meis
634 2071 807 2144 heredibus
837 2073 912 2145 inde
946 2073 1071 2146 auctori
1097 2081 1130 2156 et
1158 2071 1319 2146 defensori
1343 2077 1415 2149 lieri
1438 2067 1515 2150 aum
1547 2079 1608 2152 ista
1639 2091 1696 2154 tua
1822 2057 1827 2070 ’

276 2201 428 2276 emtionis
450 2199 575 2272 sartula
600 2210 632 2271 et
655 2223 731 2274 eum
754 2200 825 2274 aliis
843 2202 954 2274 vestris
969 2210 1002 2272 et
1020 2199 1138 2271 nostris
1153 2199 1330 2274 rationibus
1354 2206 1519 2298 quomodo
1542 2205 1595 2277 rel
1610 2227 1694 2300 qua-
1836 2223 1840 2228 ·
1870 2297 1881 2310 „

277 2327 352 2399 liter
367 2327 492 2400 vmelius
515 2328 685 2421 potueritis
708 2307 928 2401 et’bolueritis
952 2328 1079 2399 bieihus
1102 2331 1218 2400 nostris
1233 2331 1267 2401 in
1283 2329 1436 2404 omnibns
1453 2333 1618 2426 quomodo
1634 2355 1695 2404 nos
1750 2379 1753 2388 ·

279 2452 397 2524 exinde
420 2453 525 2524 lasere
549 2450 718 2523 debuimus
742 2433 806 2524 vel
820 2449 1030 2543 potuerimus.
1043 2451 1099 2538 ‚Et
1120 2452 1250 2544 quando
1273 2451 1439 2524 bolueritis
1463 2477 1516 2526 me
1533 2454 1590 2526 uel
1604 2446 1704 2526 meos*

283 2577 417 2650 heredes
441 2576 557 2649 exinde
581 2577 699 2650 babere
722 2587 869 2650 auctores
892 2584 925 2648 et
946 2575 1131 2646 defensores
1162 2585 1323 2672 qnatenus
1344 2578 1553 2650 defendamus
1576 2579 1638 2653 tibi
1661 2593 1694 2653 st

276 2705 324 2775 ad
347 2702 411 2776 tuis
434 2702 606 2776 heredibus
629 2705 714 2800 ipsos
736 2705 801 2778 hab
824 2703 976 2778 omnibus
998 2703 1186 2776 bominibus
1210 2703 1275 2776 hab
1300 2703 1454 2800 omniqua
1469 2705 1612 2800 partibus
1634 2729 1694 2802 per

27 2871 28 2910 ρ
128 2855 132 2864 ⁴
260 2830 349 2926 ¹ipsa
372 2828 496 2900 ratione
520 2841 584 2924 que
608 2827 756 2926 superius
780 2828 900 2922 legitur
924 2849 963 2898 eo
988 2825 1077 2920 quod
1095 2825 1139 2926 ‚in
1159 2823 1214 2898 tali
1237 2825 1362 2899 ratione
1378 2825 1438 2898 tibi
1454 2829 1540 2922 ipsos
1557 2828 1693 2902 benum·
1803 2855 1808 2862 ⁴

27 2929 28 2938 ¹
279 2955 366 3030 dedi.
391 2955 425 3028 Si
448 2965 559 3028 autem
581 2957 668 3050 ipsos
691 2956 784 3029 vobis
808 2953 935 3028 delendi
959 2975 1024 3024 non
1049 2952 1249 3047 potuerimus
1263 2963 1301 3026 ut
1316 2955 1619 3052 diximnssuperina
1633 2979 1694 3052 ego

277 3093 313 3154 et
335 3082 471 3154 heredes
503 3083 584 3154 meis
613 3084 673 3153 tibi
697 3083 825 3178 tuisque
856 3081 1027 3154 heredibus
1056 3083 1096 3154 de
1120 3079 1259 3152 colludio
1291 3081 1416 3176 legibus
1439 3082 1547 3154 iurare
1570 3081 1697 3177 obliga·

133 3223 134 3226 ’
281 3225 356 3274 mus
379 3211 411 3273 et
436 3184 667 3292 componamus
689 3201 783 3272 vobis
805 3202 994 3274 iamdictam
1016 3201 1158 3296 pretium
1177 3187 1283 3297 'duplo
1306 3211 1339 3273 et
1353 3202 1454 3296 duple
1470 3211 1503 3275 et
1518 3202 1617 3299 duplo
1632 3225 1691 3298 per
1764 3215 1772 3230 ⁰

284 3327 497 3420 adpretiatum
521 3327 610 3420 quod
634 3325 815 3420 supradicta
839 3335 948 3398 nostra
970 3307 1154 3401 banditione
1176 3328 1278 3424 haput
1300 3305 1360 3402 vos
1381 3331 1417 3402 in
1441 3329 1566 3403 editieio
1588 3321 1645 3402 au't
1659 3331 1694 3402 in

276 3453 393 3546 quabis
416 3463 507 3546 parte
531 3452 734 3523 remeliorata
757 3453 910 3546 paruerit
934 3453 1019 3523 Nam
1042 3455 1070 3524 si
1083 3463 1202 3525 *satem
1225 3475 1289 3550 ego
1313 3455 1372 3549 qui
1396 3477 1493 3551 supra
1518 3455 1624 3526 diano
1639 3455 1695 3528 vel

125 3563 128 3570 ⁴
245 3641 249 3648 .
274 3595 365 3648 meos
398 3573 532 3644 heredes
564 3554 624 3650 ane
657 3569 850 3643 banditionis
881 3571 1038 3644 cartulam
1062 3573 1103 3644 de
1127 3563 1245 3668 quibus
1269 3577 1413 3650 eontinet
1436 3577 1610 3674 aliquando
1633 3599 1692 3674 per

275 3703 510 3797 qualecumque
542 3697 709 3793 ingenium
742 3699 944 3792 dismmpere
968 3709 1025 3771 aut
1048 3673 1217 3775 remobere
1246 3705 1462 3799 quesierimus
1485 3715 1518 3778 et
1540 3729 1608 3780 non
1632 3707 1693 3778 tibi

276 3835 309 3898 et
332 3827 373 3899 ad
396 3825 461 3898 tuis
484 3824 659 3897 heredibus
688 3823 774 3920 ipsos
798 3825 1082 3901 defensaberimus'
1095 3828 1131 3900 in
1154 3833 1245 3903 omni
1267 3833 1390 3904 ratione
1411 3839 1447 3906 et
1470 3835 1583 3907 ordim
1606 3835 1692 3907 sient

271 3951 423 4046 superius
446 3949 565 4045 legitur
590 3959 622 4020 et
644 3949 674 4020 si
698 3971 764 4021 non
786 3949 881 4022 vobis
897 3949 1168 4044 eompleberimus
1191 3977 1230 4024 ea
1253 3955 1363 4025 omnia
1377 3979 1436 4050 per
1450 3953 1556 4049 ipsum
1579 3957 1692 4028 ordine
1804 3939 1807 3944 ⁵

274 4079 359 4152 dent
382 4077 528 4171 superius
552 4077 695 4151 diximus
717 4089 796 4150 tune
820 4086 854 4149 et
876 4071 1061 4173 supradicta
1085 4079 1182 4175 dupla
1199 4079 1294 4162 robis
1310 4067 1540 4177 componamus
1557 4089 1590 4154 et
1603 4081 1692 4154 iam-

271 4205 364 4278 dieta
391 4203 536 4276 banditio
568 4205 694 4298 integra
724 4208 889 4298 potestatis
921 4193 1027 4283 sestre
1060 4209 1265 4282 admittamus
1298 4210 1339 4282 ad
1361 4231 1488 4304 semper
1511 4209 1691 4283 habendam

252 4332 353 4425 :quia
377 4329 485 4400 taliter
508 4350 570 4422 ego
594 4313 773 4423 qui·supm
797 4329 903 4402 alfano
925 4359 1071 4427 capuano
1099 4335 1297 4430 langobardo
1320 4337 1459 4433 qualiter
1481 4337 1582 4411 miehi
1604 4359 1692 4412 eon-

272 4475 396 4547 gruum
421 4453 469 4523 fui
492 4452 553 4524 leel
579 4461 611 4524 et
635 4463 665 4521 te
689 4450 847 4544 gaidolfus
869 4451 1014 4526 notarius
1037 4463 1070 4526 et
1092 4455 1234 4532 seribere
1257 4459 1382 4554 rogabi.
1408 4459 1517 4552 Capua
1550 4501 1558 4515 ι
1682 4481 1683 4486 ’

369 4579 401 4676 †
423 4581 496 4674 Ego
521 4579 675 4676 iohannes
698 4577 797 4651 iudex
887 4653 890 4660 Δ

186 4757 195 4804 4
369 4709 401 4806 1-
426 4710 496 4801 Ego
520 4708 670 4818 iaquinto

29 4874 34 4893 .
270 4890 272 4894 .
366 4831 494 4927 †Ego
518 4839 630 4926 petrus
