4896 6522
354 1137 449 1235 †lu
472 1133 606 1207 nomino
637 1133 762 1204 domini
794 1131 899 1203 nostri
929 1131 1027 1203 ihesu
1049 1132 1170 1204 Christi
1201 1133 1254 1205 dei
1279 1139 1390 1209 eterni.
1414 1137 1569 1212 hicesimo
1593 1159 1680 1210 nono
1775 1131 1846 1237 Aa..

262 1241 349 1333 inno
372 1257 571 1354 principatus
594 1253 718 1325 domini
741 1251 871 1346 paldolfi
887 1251 1021 1345 gloriosi
1044 1253 1198 1349 principis
1212 1254 1384 1327 benebenti
1399 1269 1431 1328 et
1445 1259 1581 1333 sehtinao
1597 1283 1680 1334 auno
1763 1269 1877 1333 lotoe

262 1385 464 1480 principatus
486 1382 601 1476 prefati
626 1379 749 1450 domini
772 1378 900 1470 paldolfi
925 1379 1188 1473 excellentissirni
1209 1381 1368 1474 principis
1384 1383 1506 1477 Kapue.
1530 1393 1563 1454 et
1585 1387 1681 1456 tertio

263 1533 350 1582 anno
372 1501 569 1603 p'rincipetus
599 1501 885 1599 dominipaldolfi
915 1503 1050 1595 gloriosi
1081 1504 1236 1597 principis
1264 1527 1376 1576 mense
1406 1509 1514 1601 magio
1545 1509 1681 1582 hoctaha
1800 1560 1809 1584 s
1943 1522 1947 1530 ’

262 1635 446 1708 indictione.
467 1634 609 1726 Ideoque
632 1645 695 1725 ego
719 1629 840 1701 alfanus
864 1651 1026 1723 capuanus
1048 1629 1265 1723 langobardus
1287 1630 1378 1700 filius
1401 1613 1569 1702 cuiusdam
1592 1657 1681 1706 nan·

263 1756 325 1828 tari
348 1755 483 1849 capuani
507 1752 695 1846 langobardi
719 1750 777 1847 qui
800 1741 873 1820 suna
889 1773 1092 1822 commorans
1109 1751 1193 1821 intro
1213 1773 1272 1820 anc
1292 1773 1436 1844 capuana
1451 1752 1589 1824 cibitate.
1614 1757 1682 1827 De*

262 1883 353 1953 claro
375 1905 431 1953 nae
458 1881 554 1950 abere
587 1882 697 1952 decern
719 1878 821 1974 petias
845 1877 885 1948 de
908 1880 1002 1948 terris
1027 1879 1060 1948 in
1085 1878 1201 1949 finibus
1233 1878 1351 1950 liburie
1385 1879 1419 1950 in
1452 1881 1524 1972 ipsu
1557 1880 1677 1974 qualdu

261 2001 430 2101 patriensis
453 2006 488 2076 in
507 2005 586 2082 loco
609 2007 669 2101 qui
691 2006 826 2076 bocatur
844 2027 1027 2096 psaranum
1042 2013 1074 2076 et
1095 2006 1130 2078 in
1154 2004 1227 2075 loco
1242 2006 1300 2100 qui
1316 2006 1434 2077 dicitur
1449 2009 1552 2092 casale
1567 2008 1679 2080 ioanni

260 2128 455 2224 pertinentes
477 2127 577 2199 michi
600 2149 659 2222 per
682 2125 741 2198 ch:
753 2171 859 2198 .....
866 2126 943 2218 ipsis
966 2149 1025 2220 per
1048 2125 1130 2196 meis
1144 2125 1323 2196 rationibus
1339 2151 1438 2222 quern
1461 2129 1614 2225 hoportet
1630 2139 1678 2204 est

260 2250 343 2323 mihi
366 2251 453 2346 ipsos
476 2248 695 2321 henunmdare
718 2248 817 2343 ligori
840 2247 1034 2339 neapolitani
1057 2247 1117 2318 filii
1140 2248 1304 2342 quondam
1329 2251 1443 2321 stefani
1466 2253 1525 2348 qui
1545 2275 1680 2326 nuncu-

259 2384 358 2472 patur
380 2375 509 2446 interno
537 2372 597 2466 qui
610 2381 669 2441 est
692 2392 864 2442 comorans
879 2370 966 2440 intus
989 2369 1119 2440 cibitate
1142 2370 1279 2462 neapoli.
1302 2371 1345 2440 Et
1361 2373 1438 2444 ldeo
1460 2397 1530 2466 ego,
1548 2378 1607 2470 qui
1623 2399 1679 2447 su·

259 2525 323 2596 pra
346 2501 454 2572 allano
477 2523 623 2594 capuano
647 2497 856 2592 langobardo.
879 2497 963 2566 siout
985 2495 1085 2566 michi
1108 2493 1243 2564 abtuum
1282 2504 1315 2562 et
1338 2501 1520 2588 congruum
1546 2508 1594 2568 est
1616 2501 1679 2568 Per

262 2653 325 2703 ane
349 2627 469 2702 cartula
492 2625 687 2697 bennmdura
692 2673 844 2698 .......
851 2623 949 2718 ligeri
972 2621 1164 2716 neapolitani
1187 2618 1274 2690 ldest
1300 2619 1425 2712 integre
1446 2621 1591 2714 predicto
1614 2625 1678 2696 de-

195 2795 199 2802 ·
260 2773 332 2826 oem
347 2751 434 2846 petie
449 2749 489 2822 de
504 2748 599 2821 terris
621 2747 704 2818 meis
725 2767 825 2842 quam
848 2768 921 2818 sum
944 2743 1073 2816 bidetur
1089 2741 1123 2812 in
1139 2742 1212 2834 ipsu
1227 2739 1350 2835 gualdu
1365 2743 1536 2836 patriensis
1550 2745 1586 2816 in
1600 2769 1677 2840 pro·

258 2874 346 2948 dicto
359 2871 432 2944 loco
454 2893 636 2966 pantanum
659 2871 696 2942 in
710 2867 812 2940 casale
835 2865 969 2938 iohanni
983 2865 1129 2948 Quarum
1144 2861 1250 2956 prima
1272 2887 1314 2934 cx
1327 2863 1398 2959 ipsc
1414 2868 1500 2962 petie
1525 2869 1566 2940 de
1583 2872 1677 2942 terris

258 3021 327 3073 csse
341 2997 471 3072 bidotnr
492 3006 566 3093 post
587 2997 656 3092 ipsa
679 2993 814 3066 fundora
837 2993 878 3064 de
901 2991 1046 3088 predicto
1068 2989 1140 3060 loca
1154 3011 1313 3084 poranum
1335 2991 1418 3064 finis.
1441 2993 1538 3068 habet
1562 2999 1675 3070 eadem

256 3125 346 3219 potia
361 3125 403 3194 de
418 3131 504 3192 terra
519 3121 560 3191 ab
574 3143 642 3190 uno
655 3107 756 3192 latere
769 3129 881 3190 etune
895 3119 1000 3213 capite
1014 3119 1078 3192 fine
1092 3128 1178 3190 terra
1195 3119 1235 3193 de
1247 3119 1295 3192 illi
1308 3143 1418 3194 renco.
1433 3123 1484 3196 Ile
1499 3123 1565 3196 alio
1576 3111 1675 3196 latere

259 3248 326 3320 fine
356 3253 445 3315 terra
476 3240 630 3310 merenda
661 3261 824 3333 capuane:
858 3239 936 3317 Alin
970 3242 1075 3336 capite
1100 3251 1186 3318 tenet
1209 3243 1244 3314 in
1265 3243 1319 3314 bia
1342 3242 1504 3338 pubblica.
1528 3248 1672 3320 &cunda
1722 3249 1725 3257 '

258 3369 346 3466 petia
368 3369 480 3464 ibique
495 3368 537 3438 'in
561 3367 634 3452 ipsu
666 3387 782 3458 campu
813 3365 886 3438 finis
909 3365 1007 3436 habet
1037 3368 1079 3438 ab
1111 3391 1178 3438 uno
1210 3368 1310 3455 latere
1333 3379 1366 3440 ot
1388 3391 1456 3442 uno
1478 3372 1583 3464 capite
1606 3374 1671 3444 fine

259 3509 344 3570 tetra
368 3496 408 3568 do
431 3494 493 3588 ipsi
517 3492 705 3562 brancaczi:
729 3493 776 3561 De
800 3491 863 3578 alio
886 3484 986 3564 latere
1002 3492 1066 3561 fine
1089 3503 1175 3563 terra
1192 3495 1374 3588 pandenolli
1397 3493 1586 3590 langobardi
1610 3500 1671 3575 filii

229 3619 461 3720 pandonolfi:
486 3623 534 3690 lle
558 3615 624 3686 alio
638 3617 742 3711 capite
765 3623 851 3686 tonet
873 3616 909 3687 in
927 3617 981 3688 bia
1004 3617 1165 3711 pubblica.
1181 3621 1289 3692 Tertia
1312 3622 1398 3714 petia
1411 3623 1447 3695 in
1471 3649 1588 3722 campu
1612 3633 1670 3726 qni
1804 3681 1808 3696 .

258 3749 440 3825 nominatur
462 3744 637 3818 casamauri
654 3767 719 3838 que
735 3741 832 3813 habet
847 3743 936 3814 finis.
950 3797 960 3815 .
973 3794 983 3812 .
998 3747 1101 3841 ,petia
1117 3747 1157 3850 de
1182 3757 1280 3820 terra.
1306 3749 1355 3821 De
1379 3775 1446 3824 nno
1460 3743 1560 3828 lat'ere
1584 3767 1671 3837 tenet

255 3878 290 3950 in
312 3884 407 3970 terrast
418 3871 624 3968 suprascripti
637 3869 820 3964 pandonolfi
835 3871 885 3942 De
901 3871 966 3941 alio
981 3874 1080 3944 latere
1095 3882 1184 3948 tenet
1205 3875 1239 3946 in
1254 3885 1341 3947 terra
1365 3877 1405 3948 de
1419 3878 1467 3949 illi
1493 3881 1670 3957 brancaczi.

255 4003 331 4076 Unu
365 4001 467 4096 capite
498 4000 563 4072 fine
593 3997 688 4092 terra}
712 3997 825 4069 stefani
861 3997 1043 4078 ursimnndi
1075 3999 1115 4074 de
1139 4001 1296 4098 lucupuli.
1333 4007 1411 4078 Aliu
1444 4009 1546 4104 capite
1581 4019 1670 4084 tenet
1752 4011 1756 4018 '

255 4126 290 4197 in
311 4121 367 4194 bia
388 4121 548 4214 pubblica.
569 4121 694 4212 Quarta
716 4119 802 4213 petia
829 4118 866 4189 in
890 4143 1008 4214 campa
1030 4122 1089 4218 qui
1112 4125 1298 4199 nominatur
1313 4131 1491 4204 casamauri
1507 4133 1579 4206 finis
1602 4131 1669 4208 ha·
1701 4145 1705 4157 ’

255 4245 313 4317 bet
338 4239 404 4313 hab
426 4263 494 4314 uno
524 4239 623 4309 latere
654 4239 718 4307 fine
751 4247 839 4311 terra
862 4243 1037 4334 supradicti
1061 4247 1243 4339 pandenolfi
1268 4249 1469 4346 longobardi.
1500 4257 1578 4330 Aliu
1611 4259 1665 4330 la-

258 4375 328 4441 tae
351 4371 477 4454 etuunu
500 4362 605 4456 capite
626 4359 681 4430 hia
703 4357 864 4453 pubblica.
887 4359 964 4434 Alin
977 4365 1082 4454 capite
1104 4369 1168 4438 fine
1191 4378 1276 4440 terra
1290 4373 1356 4446 iun
1371 4375 1447 4466 dicti
1474 4382 1586 4454 stefani
1602 4407 1665 4454 ur.

257 4489 409 4566 gimundi.
440 4486 561 4571 Quinta
592 4482 678 4577 potia
699 4489 773 4575 ‘que
805 4488 855 4550 cst
885 4479 1085 4556 clusuricella
1116 4495 1149 4556 et
1170 4491 1356 4568 nominatur
1387 4502 1472 4572 sessa
1496 4503 1577 4571 hiba-
1595 4495 1668 4574 finis

257 4619 359 4694 habet
378 4615 443 4686 hab
467 4615 534 4684 uno
557 4609 657 4681 latere
680 4619 713 4681 et
735 4617 803 4680 uno
827 4607 931 4704 capite
952 4609 1017 4682 fine
1039 4621 1234 4707 pantanum:
1265 4622 1345 4696 Aliu
1366 4625 1470 4719 capite
1494 4627 1558 4698 fine
1581 4612 1666 4706 tara
1712 4629 1717 4644 '
1761 4689 1762 4692 ,

255 4742 430 4838 maurilapi
453 4739 494 4810 de
516 4733 675 4831 lucupuli.
695 4717 775 4804 Alio
795 4731 896 4827 latere
919 4743 1007 4808 terra
1028 4759 1203 4814 commune
1225 4765 1299 4818 mea
1321 4756 1354 4818 et
1369 4749 1412 4822 de
1426 4755 1620 4849 neapolitani
1634 4767 1668 4832 et

252 4865 401 4951 iamdicti
421 4859 606 4960 pandonolfi
626 4854 840 4954 langobardi:
875 4879 974 4953 quem
1004 4861 1075 4956 ipsa
1097 4872 1184 4939 sorte
1206 4889 1280 4940 anea
1302 4871 1363 4947 fibi
1385 4875 1507 4954 exinde
1523 4880 1667 4960 benum.

348 4989 424 5070 ‚ret
444 4987 468 5058 Ι
469 4987 503 5059 V·
1290 4997 1314 5070 o
