4940 6518
1426 506 1525 602 (6)

1290 735 1673 874 ,Gffl

1366 1051 1492 1126 Christe
1514 1051 1587 1124 fave
1636 1099 1639 1108 ·

621 1331 683 1400 An,
864 1317 896 1410 †
917 1320 954 1388 tn
976 1313 1109 1386 nomine
1132 1309 1259 1388 donnini
1280 1305 1334 1386 dei
1356 1291 1527 1382 salvatoris
1549 1305 1653 1382 nostri
1674 1305 1771 1379 ihesu
1784 1301 1906 1380 Christi
1920 1305 2101 1401 tmporauts
2122 1305 2187 1378 do·

603 1469 719 1530 loon«
770 1443 863 1516 mino
885 1410 1001 1516 nostro
1023 1436 1141 1512 basilio
1164 1459 1285 1532 magno
1306 1436 1501 1532 imperatore
1525 1457 1611 1510 auno
1633 1432 1882 1532 quadagesimo
1904 1434 2063 1510 eomodo:
2083 1433 2140 1508 sed
2155 1441 2188 1504 et

770 1567 980 1640 comtmtiao
1002 1585 1123 1659 magno
1144 1563 1341 1658 inperatore
1369 1576 1456 1636 anno
1485 1561 1649 1636 trioesimo
1679 1581 1784 1633 nono:
1815 1559 1868 1632 die
1900 1559 2052 1634 bioesime
2074 1569 2188 1656 meo

771 1687 892 1762 mensis
914 1685 1068 1761 iebruarii
1096 1684 1272 1763 indictione
1302 1671 1541 1784 quintadecima
1570 1683 1753 1781 neopolim
1779 1681 1914 1756 Cenum
1944 1691 1994 1754 est
2019 1705 2074 1755 me
2095 1689 2189 1776 petro

771 1811 955 1888 venerabile
977 1809 1191 1908 presbiteram
1213 1811 1272 1908 qui
1294 1811 1479 1886 nominatur
1501 1833 1633 1909 paparo.
1651 1803 1838 1907 Apresenti
1852 1805 1905 1882 die
1919 1808 2080 1902 promioto
2094 1807 2189 1880 vobis

772 1940 904 2012 domiuo
927 1936 1075 2033 filippum
1097 1935 1274 2010 venerabili
1298 1936 1452 2032 igumeno
1475 1935 1664 2010 monasterii
1687 1943 1875 2010 rancorem
1897 1929 1996 2029 sergii
2018 1941 2052 2002 et
2082 1929 2190 2004 barbis

773 2070 832 2162 qni
855 2089 942 2140 nuno
965 2072 1180 2161 congregatim
1209 2073 1259 2138 est
1290 2065 1326 2140 iu
1348 2063 1547 2140 monisterio
1578 2071 1764 2138 sauctorum
1787 2061 1939 2136 theodori
1969 2067 2003 2132 et
2021 2057 2191 2131 enodem

774 2196 833 2292 qui
855 2193 1034 2290 appelletur
1057 2193 1215 2289 ossapiota
1237 2194 1337 2268 situm
1359 2193 1399 2268 iu
1421 2190 1644 2266 biridiarium:
1669 2201 1705 2264 et
1725 2203 1762 2264 at
1784 2199 1916 2266 cunetas
1930 2187 2194 2284 congregationes

774 2315 1009 2392 monachorum
1031 2317 1201 2390 memorati
1224 2316 1325 2391 saneti
1348 2325 1382 2390 et
1404 2315 1598 2392 muorebiiir
1628 2317 1745 2390 vestris
1766 2313 1973 2390 monauerii:
2001 2323 2044 2388 et
2061 2313 2194 2386 domino

774 2439 929 2536 gregorio
952 2439 1022 2512 tilio
1043 2441 1208 2537 quondam
1231 2442 1358 2530 domini
1382 2441 1533 2518 iobm'n
1553 2441 1681 2518 domini
1704 2441 1879 2536 mpraudo:
1905 2451 1939 2514 et
1963 2439 2097 2542 domino
2119 2461 2194 2534 gre·

775 2565 870 2660 gorio
893 2561 963 2636 tilio
985 2563 1151 2659 quondum
1171 2565 1295 2638 domini
1317 2565 1468 2640 iohannis
1490 2566 1556 2644 hoo
1579 2575 1628 2640 est
1649 2565 1793 2661 oognetis
1815 2573 1854 2638 tu
1867 2571 2049 2638 memorato
2064 2564 2197 2636 domino

776 2685 929 2780 gregorio
951 2685 1022 2762 filio
1045 2671 1213 2786 quondum
1234 2688 1359 2764 domini
1380 2689 1534 2766 iohannis
1557 2691 1598 2764 de
1621 2689 1755 2766 domino
1778 2687 1936 2784 sipoto
1963 2709 2026 2784 pro
2057 2687 2129 2760 vioe
2156 2687 2197 2758 de

777 2832 890 2884 omnes
912 2809 987 2886 liliis
1008 2811 1076 2886 tuis
1095 2813 1157 2910 qui
1179 2813 1256 2888 obes
1278 2814 1319 2887 de
1341 2815 1507 2912 groudom
1529 2811 1662 2890 domine
1683 2813 1841 2908 eupraxia
1852 2811 1990 2888 honora
2004 2813 2124 2887 lemma
2139 2811 2199 2906 qui

777 2940 840 3010 linit
861 2939 975 3033 eonius
997 2947 1075 3014 rua:
1099 2950 1233 3039 propter
1254 2942 1391 3040 integris
1413 2941 1619 3038 portionibus
1641 2941 1779 3018 veen:
1803 2943 1845 3015 de
1871 2939 2011 3016 eeclesia
2040 2937 2198 3020 vocabulo

778 3066 880 3136 suncti
902 3065 1040 3138 ianuarii
1063 3074 1162 3142 ntum
1184 3067 1270 3142 inter
1293 3067 1376 3141 duos
1398 3067 1525 3142 viooras
1546 3088 1651 3141 uuum
1672 3067 1732 3164 qut
1754 3066 1939 3140 nominatur
1952 3066 2140 3140 iudeorum:
2166 3075 2200 3137 et

780 3191 880 3278 elium
895 3195 955 3291 qui
964 3194 1149 3276 nominetur
1160 3197 1293 3270 nouae
1307 3195 1366 3294 qui
1381 3212 1415 3268 et
1428 3197 1572 3270 mrruuo
1586 3193 1705 3270 dieitm
1719 3193 1853 3290 nogione
1861 3201 1957 3292 porta
1969 3193 2071 3268 once
2087 3194 2201 3268 iunue-

779 3319 840 3392 rii:
865 3319 938 3392 Une
960 3342 1038 3394 etam
1059 3323 1265 3418 portionibus
1287 3323 1401 3398 vestris
1420 3325 1466 3402 de
1488 3299 1641 3396 domibus
1662 3345 1721 3396 seu
1736 3321 1830 3396 erilis
1852 3330 1887 3396 et
1900 3303 2144 3394 abitationibm:
2170 3326 2204 3390 et

780 3463 858 3516 rum
872 3443 1076 3536 portionibus
1088 3445 1204 3519 vestris
1221 3445 1263 3518 de
1283 3445 1382 3522 rebus
1396 3453 1430 3520 et
1442 3445 1629 3520 mmtrntiis
1642 3447 1744 3543 ipsius
1760 3448 1843 3522 dicte
1856 3445 1991 3520 eooleeie
2005 3445 2203 3541 pertinentes

783 3575 824 3646 de
846 3573 934 3645 intus
949 3581 981 3646 et
995 3573 1075 3648 ioris
1089 3573 1324 3673 omnibusque:
1351 3575 1398 3648 eis
1421 3591 1457 3646 et
1479 3581 1512 3646 at
1533 3583 1711 3648 memorate
1734 3574 1936 3672 portionibus
1958 3575 2075 3650 vestris
2097 3574 2203 3670 perti-

783 3696 963 3776 uentibus:
989 3699 1082 3776 Unde
1108 3701 1203 3776 vobis
1227 3709 1408 3788 memorato
1430 3698 1566 3773 domiuo
1589 3698 1739 3797 filippum
1760 3699 1938 3774 venerabili
1953 3701 2109 3796 igumeno
2123 3709 2157 3772 et
2172 3710 2205 3772 st

784 3839 964 3900 memorato
986 3839 1097 3902 saneto
1124 3837 1159 3903 et
1180 3828 1355 3904 venerabili
1377 3836 1485 3902 resno
1508 3829 1704 3902 monasterio
1726 3829 1865 3923 pertinet
1878 3827 2047 3902 medietate
2066 3839 2099 3900 et
2112 3827 2206 3901 robis

785 3953 969 4027 memoratis
993 3955 1139 4050 cognatis
1161 3956 1300 4050 pertinet
1323 3953 1386 4028 ulia
1408 3951 1602 4027 medietate:
1629 3953 1693 4028 Ubi
1717 3953 1852 4026 domino
1878 3954 1941 4026 deo
1967 3953 2131 4026 volentem
2153 3976 2206 4026 me

787 4077 908 4150 ibidem
930 4081 1097 4154 custodem
1119 4079 1316 4174 posuistitis:
1343 4081 1380 4152 ln
1404 4105 1445 4152 eo
1468 4091 1581 4154 tenore
1605 4088 1642 4152 ut
1664 4078 1816 4152 omnibus
1840 4077 1955 4152 diebus
1978 4078 2045 4152 vite
2076 4101 2149 4152 mee
2172 4079 2208 4147 iu

788 4201 862 4276 mire
885 4205 926 4276 sit
948 4211 1105 4298 potestate
1127 4205 1258 4277 tenendi
1283 4213 1317 4276 et
1339 4206 1527 4278 dominandi
1548 4227 1608 4281 seu
1635 4205 1758 4278 ibidem
1787 4202 1929 4276 ebionei
1960 4214 1993 4275 et
2022 4201 2206 4274 residendi:

790 4338 823 4400 et
845 4328 930 4422 ipsas
953 4349 1006 4399 res
1027 4327 1194 4400 luvorandi
1215 4339 1248 4401 et
1270 4337 1303 4400 at
1326 4331 1538 4405 levorandum
1565 4331 1663 4405 dandi
1689 4329 1818 4402 fruendi
1841 4341 1875 4402 et
1902 4327 2146 4402 commedendi:
2177 4336 2210 4399 et

790 4456 830 4526 de
853 4456 921 4547 ipse
945 4453 1035 4548 regia
1057 4453 1195 4526 leniendi
1218 4457 1327 4527 omnin
1349 4479 1415 4553 que
1443 4455 1613 4529 volueritis
1646 4465 1680 4527 et
1708 4475 1805 4526 omne
1836 4451 1979 4526 officium
2013 4451 2211 4524 sacerdotale

791 4582 845 4652 die
860 4589 1024 4676 noctoque
1047 4581 1151 4654 iaeere
1166 4590 1199 4652 et
1213 4557 1345 4656 exibere
1367 4583 1485 4656 debeas
1497 4592 1534 4653 ut
1548 4589 1625 4676 aput
1648 4581 1727 4652 deus
1751 4590 1784 4652 et
1807 4589 1886 4674 uput
1909 4577 2107 4652 omminibus
2126 4577 2234 4659 mibi·

791 4712 861 4783 lem
884 4720 918 4782 et
949 4712 1064 4784 merois
1099 4719 1271 4784 ateresoat:
1295 4721 1328 4786 et
1350 4735 1411 4808 pro
1434 4711 1504 4780 eliis
1528 4711 1645 4780 moniis
1667 4711 1748 4780 meis
1781 4709 1937 4782 dedistitis
1960 4715 1993 4778 et
2015 4705 2213 4780 tradidistitir

792 4836 874 4911 mibi
896 4847 929 4912 et
952 4859 1064 4911 omnes
1086 4861 1138 4912 res
1162 4839 1202 4913 de
1225 4835 1411 4910 memoratis
1442 4833 1645 4928 portionibus
1674 4837 1789 4906 vestris
1813 4831 1853 4907 de
1877 4843 2054 4906 memorate
2077 4833 2211 4905 eeclesia
