4888 6528
1419 560 1564 654 (rso)

796 731 954 801 fossatum
987 724 1172 822 publicnmt
1207 727 1239 792 et
1269 719 1403 794 homnes
1434 725 1535 790 terrm
1566 737 1744 812 measque
1768 707 1971 791 ebeoriloco
1995 723 2054 820 qui
2077 733 2214 802 murm·

803 853 986 950 pischinule
1009 849 1139 924 insimul
1163 871 1227 922 una
1250 871 1326 920 cum
1349 844 1517 916 arboribus
1541 851 1573 916 et
1595 842 1741 914 introitus
1758 868 1880 938 §earum
1905 844 2138 952 homnibusque
2162 859 2214 928 eis

801 977 1057 1077 pertinentibus:
1081 976 1122 1045 sit
1143 974 1295 1045 offertum
1318 982 1351 1045 ct
1373 971 1527 1044 traditum
1542 971 1576 1040 in
1591 980 1774 1043 memorato
1788 977 1981 1048 monasterio
1996 985 2029 1048 nt
2047 979 2211 1057 abendam

807 1115 840 1174 et
862 1099 1091 1196 possidendum
1114 1098 1186 1182 illut
1209 1097 1329 1169 ibidem
1352 1118 1455 1190 usque
1479 1095 1514 1166 in
1536 1095 1767 1188 sempiternum
1791 1101 1979 1172 tantumodo
2001 1103 2110 1176 debeat
2131 1107 2209 1200 {ipse

800 1227 1022 1303 monasterio:
1053 1228 1128 1298 dere
1151 1226 1322 1300 medietate
1345 1225 1385 1296 de
1408 1219 1530 1317 frugies
1554 1245 1595 1293 ex
1618 1222 1690 1317 ipso
1720 1225 1821 1296 fundo
1845 1241 1877 1297 et
1899 1236 2001 1300 terras
2024 1239 2056 1300 nt
2078 1255 2207 1306 memo-

806 1367 876 1428 rata
900 1357 1002 1428 meris
1027 1355 1182 1450 genitrice
1205 1376 1277 1426 mea
1300 1353 1445 1429 nitesce
1461 1372 1559 1448 nsque
1574 1350 1686 1434 inomni
1702 1352 1773 1424 dete
1787 1355 2020 1431 hoccansione:
2046 1369 2119 1454 post
2132 1385 2209 1434 vero

800 1505 897 1556 suum
921 1481 1092 1554 transitum
1127 1480 1160 1549 in
1197 1485 1376 1552 memorato
1409 1478 1602 1549 monasterio
1635 1500 1799 1551 remanere
1832 1480 1944 1552 debent
1968 1493 2004 1554 ut
2027 1506 2125 1578 super
2155 1487 2209 1558 le-

675 1665 681 1684 .
807 1613 921 1708 giturz
948 1611 1085 1704 dispono
1109 1609 1201 1678 sheet
1224 1616 1331 1678 sancte
1354 1606 1553 1704 neapolitana
1576 1603 1709 1681 eeclesia
1731 1631 1793 1700 pro
1815 1607 1986 1682 luminaris
2008 1610 2131 1708 hasque
2153 1614 2208 1684 in-

808 1735 895 1806 iuria
918 1732 1012 1805 hauri
1036 1732 1173 1802 trimisse
1204 1754 1306 1804 unum
1336 1729 1597 1826 neapolitanum:
1631 1730 1666 1800 Si
1696 1730 1771 1826 quis
1794 1739 1901 1804 nutem
1923 1732 2037 1830 qunbis
2059 1757 2211 1828 personas

806 1869 917 1930 contre
940 1859 1027 1930 hunc
1050 1879 1160 1928 meum
1184 1856 1373 1950 dispositum
1389 1865 1425 1928 ut
1440 1878 1536 1950 super
1558 1854 1676 1948 legitur
1691 1854 1802 1926 venire
1815 1858 2022 1948 presumserit
2037 1883 2120 1954 quos
2136 1883 2212 1934 cnm
2248 1903 2252 1908 ·

805 1985 842 2055 in
874 2003 1079 2079 quacumque
1111 1989 1201 2074 perte
1235 1977 1369 2050 inritum
1401 1978 1453 2050 uei
1484 1977 1625 2050 bscuum
1654 1978 1758 2050 iecere
1782 1978 1955 2074 quesierit:
1984 1982 2071 2052 etin
2095 1957 2228 2076 eliquit

808 2113 969 2185 hoiiensus
993 2109 1090 2182 fucrit
1114 2132 1173 2206 per
1195 2110 1311 2206 quobis
1335 2110 1470 2182 modum
1494 2118 1550 2179 snt
1572 2107 1752 2182 summissas
1774 2129 1923 2202 pemonns
1947 2117 2021 2184 tuuc
2036 2120 2211 2203 componat

812 2263 886 2336 pers
909 2240 1010 2332 ipsius
1025 2239 1160 2312 infidelis
1175 2248 1208 2308 et
1221 2239 1286 2310 suis
1302 2238 1497 2312 heredibus:
1522 2262 1540 2308 a
1555 2245 1679 2332 partem
1693 2238 1785 2308 iidem
1800 2234 1952 2308 serbentis
1967 2236 2099 2332 sineque
2115 2236 2210 2312 here·

817 2364 911 2435 dibus
935 2365 1021 2440 euris
1044 2363 1161 2436 solidos
1185 2364 1316 2459 triginta
1337 2363 1564 2458 hythienteos:
1585 2377 1702 2438 etune
1723 2385 1832 2436 meum
1853 2362 2070 2434 firmissimum
2092 2363 2212 2456 dispo-

811 2493 911 2562 situm
925 2464 971 2562 'ut
995 2513 1092 2584 super
1115 2489 1232 2586 legitur
1264 2490 1305 2558 sit
1336 2490 1467 2560 firmum
1497 2488 1653 2584 scriptum
1676 2511 1734 2584 per
1756 2509 1889 2560 menum
1911 2486 2057 2560 iohannis
2080 2487 2215 2560 curialis

813 2613 953 2684 scribere
986 2621 1117 2705 rogetus
1149 2633 1207 2704 per
1240 2621 1415 2687 memorate
1446 2633 1532 2682 noun
1560 2611 1733 2682 indictione
1756 2609 1787 2707 †
1810 2608 1874 2682 hoc
1894 2610 2021 2707 signum
2045 2611 2076 2706 †
2098 2633 2217 2682 manus

804 2735 974 2808 memorati
999 2736 1100 2830 sergii
1121 2735 1242 2808 inferni
1265 2757 1348 2832 quos
1372 2759 1433 2832 ego
1456 2737 1516 2832 qui
1538 2747 1731 2810 memoratos
1755 2737 1795 2809 ob
1819 2761 1894 2812 eum
1914 2747 2045 2832 rogetus
2059 2760 2118 2832 pro
2134 2757 2216 2808 eum

799 2865 969 2958 susbscripsi
992 2863 1023 2959 †
1758 2947 1768 2953 ,

898 2989 1015 3086 †ego
1042 2988 1197 3062 iohannes
1221 2988 1306 3062 tilius
1331 2989 1454 3062 domini
1478 2990 1621 3086 gregorii
1644 2991 1716 3062 testi
1738 2991 1961 3086 subscrispi†

895 3119 927 3216 †
950 3143 1013 3214 ego
1036 3121 1161 3214 sergius
1186 3119 1269 3188 filius
1291 3120 1415 3190 donnini
1437 3121 1579 3215 gregorii
1604 3121 1676 3190 tosti
1699 3119 1914 3215 subscripsii·

901 3249 933 3347 †
963 3271 1025 3343 ego
1048 3249 1202 3322 iohannes
1227 3249 1312 3320 filius
1335 3249 1457 3322 domini
1480 3247 1593 3320 cesarii
1617 3249 1688 3320 testi
1711 3251 1884 3345 subscripsi
1907 3251 1939 3347 †

898 3378 930 3472 †
954 3382 1026 3476 Ego
1050 3379 1204 3452 iohannes
1227 3377 1364 3448 Curialis
1387 3377 1554 3471 compleri
1577 3387 1609 3448 et
1634 3377 1754 3451 absolui
1777 3389 2025 3474 permemoratur
2047 3403 2127 3454 none
2151 3383 2216 3454 in-

800 3507 938 3580 dictione
961 3501 995 3598 †
