4882 6534
1400 623 1544 720 (soe)

1373 911 1588 987 COELXXVI.

624 1175 687 1242 An.
825 1183 900 1276 -†
931 1179 967 1248 ln
998 1175 1130 1248 nomine
1161 1170 1285 1244 domini
1316 1171 1370 1246 dei
1398 1169 1565 1242 salvatoris
1598 1169 1702 1242 nostri
1737 1173 1833 1248 lbesn
1864 1176 1984 1252 Christi
2018 1181 2192 1277 bnpernts

603 1303 712 1369 1⁰⁴2·
772 1305 907 1380 domino
923 1308 1041 1374 nostro
1063 1297 1219 1371 micbrela
1240 1315 1360 1389 magno
1387 1295 1594 1388 Imperatore.
1623 1315 1710 1366 anno
1732 1299 1859 1371 octabo.
1883 1302 1937 1374 die
1960 1326 2045 1376 nona
2068 1308 2193 1380 decima

773 1433 892 1508 mensis
908 1430 1016 1502 martii
1032 1427 1206 1502 indictione
1222 1423 1345 1498 decima
1369 1422 1519 1518 neapoli}
1544 1421 1677 1499 Certum
1693 1436 1741 1499 est
1756 1450 1809 1500 me
1823 1429 1988 1502 enfimmin
2003 1431 2068 1506 lilia
2087 1457 2191 1530 quon-

774 1560 848 1630 dam
871 1553 1058 1650 pnmilieni.
1089 1551 1200 1624 relicta
1224 1556 1332 1622 autem
1355 1545 1520 1644 quondam
1543 1549 1690 1644 petride
1713 1573 1836 1646 agumu
1859 1554 2025 1627 uuitatmoe
2051 1580 2131 1632 reru
2154 1561 2190 1632 in

776 1683 852 1754 loco
876 1679 935 1775 qui
958 1684 1094 1749 uocatur
1117 1670 1334 1768 pnniumun
1359 1671 1449 1767 quod
1471 1681 1520 1744 est
1542 1673 1622 1745 foris
1645 1695 1758 1746 arcora
1772 1677 1896 1750 dudum
1913 1680 2110 1775 aqueductus
2125 1705 2186 1779 ego

776 1821 884 1882 autem
908 1827 969 1898 pro
991 1804 1062 1876 vice
1085 1821 1156 1874 mea
1183 1809 1215 1870 et
1231 1797 1377 1892 prurire
1392 1795 1525 1892 quidam
1540 1797 1661 1872 rellicta
1675 1800 1810 1893 puerulo
1826 1803 1926 1878 tiliam
1942 1827 2015 1878 mea
2029 1827 2091 1904 que
2107 1807 2188 1880 obeo

775 1935 815 2006 de
829 1931 991 2027 quondam
1015 1937 1192 2000 memorato
1205 1923 1277 1996 riro
1291 1945 1382 1996 meo.
1399 1944 1457 1997 seu
1474 1935 1506 1996 et
1521 1945 1597 1998 cum
1612 1925 1779 2002 voluntate
1795 1929 1925 2006 domina
1940 1917 2039 2004 muria
2048 1935 2185 2006 honesta

774 2055 893 2128 femina
916 2053 970 2124 cui
993 2073 1054 2144 ego
1077 2059 1111 2119 et
1134 2055 1308 2120 memorata
1340 2048 1405 2121 lilia
1436 2071 1508 2120 mea
1531 2047 1628 2122 delion
1650 2069 1760 2122 snmus
1784 2051 1849 2124 lilia
1872 2055 2035 2150 quondam
2058 2057 2185 2130 domiui

775 2183 922 2256 iohannis
953 2177 1237 2276 cognominabatur
1267 2175 1428 2250 mnndulo
1458 2178 1513 2250 cui
1543 2179 1612 2272 ipse
1641 2177 1711 2250 uiro
1741 2201 1815 2250 meo
1845 2179 1961 2252 defiens
1983 2183 2047 2252 fuit
2070 2184 2187 2256 conius

774 2309 913 2402 presenti
934 2303 1056 2375 domini
1074 2299 1221 2372 lobannis
1235 2301 1294 2395 qui
1309 2287 1596 2394 cognominabatur
1610 2300 1827 2396 buceapicbrla
1849 2311 1881 2372 et
1904 2313 1937 2371 at
1960 2304 2029 2396 ipsa
2051 2303 2186 2376 domina

773 2435 875 2506 meria
907 2434 1039 2504 honesta
1070 2429 1189 2499 femina
1212 2426 1428 2499 uomentiente
1451 2429 1494 2500 ad
1516 2453 1554 2500 ea
1577 2437 1756 2502 memorato
1780 2430 1853 2502 rirc
1875 2450 1959 2500 suo:
1992 2429 2023 2500 Α
2047 2432 2188 2525 presenti

774 2564 827 2634 die
856 2557 1071 2655 promtissima
1103 2555 1294 2628 volumtate.
1324 2555 1507 2630 venundedi
1530 2565 1563 2629 et
1585 2555 1701 2630 tradidi
1724 2555 1817 2628 robis
1840 2557 1978 2631 martino
2001 2558 2059 2653 qui
2080 2559 2187 2630 nomi-

773 2697 867 2758 nator
891 2685 1034 2782 langnise
1057 2681 1125 2755 filio
1149 2683 1313 2780 quondam
1336 2681 1485 2758 iobannis
1508 2685 1549 2758 de
1571 2685 1728 2782 stapbano
1749 2685 1790 2756 de
1809 2705 1945 2780 sperono
1962 2693 1995 2758 st
2009 2695 2102 2780 petro
2118 2685 2186 2759 tilio

773 2808 917 2906 stephani
948 2805 1092 2901 langnise
1123 2827 1164 2877 oc
1190 2813 1238 2878 est
1259 2804 1396 2878 uterinis
1418 2807 1581 2901 germanis
1603 2805 1644 2880 de
1667 2829 1732 2880 una
1756 2805 1910 2902 genitrice
1932 2817 1964 2878 et
1986 2807 2028 2880 de
2050 2827 2183 2880 memo-

772 2947 858 3008 rufos
885 2933 1030 3030 singulos
1058 2933 1221 3028 genitores
1251 2942 1285 3005 et
1314 2933 1467 3029 gregorio
1491 2941 1524 3006 et
1546 2935 1685 3008 martino
1708 2945 1741 3005 et
1764 2936 1900 3008 fermoeo
1923 2935 2083 3031 germanis
2107 2933 2181 3008 tiliis

773 3065 936 3158 quondam
959 3059 1044 3132 leoni
1069 3059 1126 3156 qui
1149 3059 1211 3132 fuit
1235 3060 1320 3133 lilios
1342 3061 1505 3158 quondam
1528 3063 1700 3140 memorati
1722 3061 1869 3136 iohannis
1891 3063 1934 3136 de
1955 3061 2112 3157 stepbnnu
2142 3059 2182 3134 de

773 3207 927 3280 sparanu.
956 3193 989 3256 et
1010 3183 1148 3256 iobmne
1172 3181 1239 3256 filio
1262 3185 1428 3280 quondam
1452 3185 1521 3257 ursi
1546 3187 1668 3286 lsngise
1690 3213 1731 3262 oc
1754 3197 1803 3262 cst
1824 3188 1889 3262 tbis
1912 3197 1945 3262 ot
1961 3195 2103 3284 nepotes.
2124 3207 2182 3257 ne·

770 3317 861 3406 potes
885 3317 981 3404 atque
1003 3315 1196 3406 pronepotes
1219 3309 1300 3382 meis
1323 3307 1552 3382 avitatoribus.
1574 3335 1654 3384 vero
1670 3313 1705 3386 in
1725 3317 1903 3386 memorato
1917 3311 1992 3384 loco
2008 3311 2089 3384 idest
2105 3307 2188 3380 inte·

772 3459 845 3531 gres
867 3458 925 3510 sex
948 3435 1059 3510 uncias
1083 3434 1143 3531 qui
1158 3433 1221 3506 fuit
1240 3433 1281 3504 de
1295 3443 1475 3506 memorato
1489 3435 1564 3509 riro
1579 3460 1653 3511 meo
1670 3462 1712 3512 ex
1727 3439 1856 3537 integro
1870 3437 1970 3510 frmdu
1984 3437 2089 3530 posito
2104 3453 2185 3504 vero

771 3561 805 3632 in
828 3569 1006 3634 memorato
1028 3559 1110 3630 locu.
1126 3557 1340 3654 pumilionum
1363 3582 1428 3632 una
1445 3583 1521 3634 cum
1535 3563 1702 3636 arboribus
1716 3563 1888 3636 fructiferis
1904 3561 1956 3632 vel
1970 3555 2180 3630 infructiferis

771 3697 804 3759 et
827 3709 902 3756 cum
925 3687 1123 3780 pulmentum
1147 3697 1179 3758 et
1202 3687 1456 3783 subsoeptorium
1478 3713 1573 3764 suum
1589 3699 1621 3764 ct
1636 3691 1677 3763 ad
1700 3713 1755 3762 ara
1770 3701 1803 3764 et
1826 3691 1961 3762 furnum
1980 3695 2013 3758 et
2026 3683 2180 3756 balneum

711 3897 716 3904 Ι
769 3807 900 3878 insimul
923 3806 1112 3880 frabritum.
1133 3821 1166 3882 et
1190 3829 1265 3880 cum
1288 3820 1421 3904 puteum
1445 3835 1527 3908 aque
1544 3813 1617 3886 ribe
1633 3811 1764 3885 insimul
1779 3812 1863 3886 intus
1876 3833 1910 3883 se
1927 3818 1959 3880 et
1974 3827 2050 3880 cum
2065 3806 2162 3877 introi
2167 3845 2180 3859 ·

769 3945 840 4008 tum
854 3957 949 4008 suum
964 3935 1177 4035 omnibusque
1192 3936 1262 4010 eius
1278 3939 1520 4036 pertinentibus.
1537 3941 1597 4036 qui
1612 3941 1748 4013 indiuisa
1764 3941 1900 4014 reiacent
1915 3937 1983 4032 ipsa
1998 3961 2057 4011 sex
2071 3934 2180 4012 uncins

769 4065 809 4138 de
824 4075 1038 4139 memoratum
1053 4065 1190 4141 fundum
1205 4067 1264 4164 qui
1279 4069 1372 4141 uobis
1388 4067 1582 4142 venumdedi
1598 4077 1635 4140 ut
1648 4091 1744 4164 super
1759 4067 1878 4162 legitur
1893 4084 1969 4136 cm
1984 4063 2111 4160 reliqua
2125 4083 2182 4135 sex

768 4194 876 4265 uncias
899 4194 1015 4267 exinde
1038 4217 1102 4290 que
1125 4196 1218 4270 vobis
1241 4205 1460 4292 comparatam
1477 4195 1579 4268 abetis
1596 4195 1742 4268 deantes
1766 4195 1806 4268 da
1830 4201 2008 4268 memorato
2031 4203 2124 4288 petro
2138 4189 2178 4262 de

768 4339 886 4412 agumo
909 4318 981 4389 viro
1005 4341 1095 4391 meo.
1120 4319 1250 4392 coheret
1274 4321 1335 4392 sivi
1360 4322 1494 4396 insimul
1518 4323 1559 4395 de
1578 4345 1644 4395 uno
1660 4322 1759 4396 latere
1774 4320 1910 4394 fundum
1926 4318 2049 4392 domini
2065 4315 2178 4386 ioban·

767 4441 818 4512 nis
841 4438 881 4509 de
904 4437 1035 4512 domino
1059 4441 1213 4518 adelmari
1245 4445 1298 4518 cui
1321 4443 1380 4517 bos
1404 4445 1495 4518 deliri
1519 4466 1587 4516 esse
1610 4443 1756 4516 bideritis
1785 4455 1818 4517 et
1848 4443 1889 4514 de
1913 4451 2003 4536 petro
2025 4437 2086 4534 qui
2108 4459 2178 4508 no-

767 4570 908 4641 minatur
940 4569 1072 4643 bettone
1105 4573 1146 4646 de
1177 4583 1358 4647 memorato
1389 4575 1464 4647 loco
1499 4571 1569 4644 tbio
1593 4581 1703 4642 nostro
1726 4571 1822 4642 sicuti
1846 4571 1929 4642 inter
1951 4592 1985 4640 se
2010 4571 2095 4663 sepis
2120 4587 2178 4638 seu

766 4697 900 4771 fossatus
923 4710 955 4774 et
979 4703 1124 4774 tarmims
1155 4703 1290 4778 exunat.
1321 4706 1416 4778 etde
1441 4701 1508 4776 alio
1532 4701 1630 4770 latere
1655 4707 1703 4770 est
1727 4699 1866 4770 onrraria
1889 4697 2023 4794 propria
2047 4695 2088 4768 de
2110 4693 2178 4786 ipsa

618 4823 624 4835 ‘
766 4843 823 4892 sex
845 4827 955 4896 uncias
978 4851 1042 4921 que
1065 4825 1157 4900 robis
1179 4831 1372 4904 venumdedi
1389 4829 1429 4902 de
1452 4833 1669 4901 memoratum
1692 4823 1828 4896 fundum
1853 4822 1941 4895 etde
1957 4823 2024 4916 ipsa
2038 4841 2095 4890 ser
2111 4837 2176 4887 un·

766 4947 830 5020 cias
854 4957 973 5020 vestras
996 4973 1038 5020 ex
1061 4953 1167 5044 ipsum
1200 4955 1338 5027 fundum
1362 4966 1395 5027 et
1419 4979 1438 5024 a
1461 4953 1541 5024 foris
1566 4950 1634 5048 ipss
1658 4949 1814 5023 emnia.
1846 4957 1895 5024 est
1918 4945 2053 5022 fundum
2077 4941 2181 5016 bere-
