4888 6528
1379 645 1523 745 (ω)

1227 1041 1229 1048 Ι
1379 937 1543 1016 cccxli.

599 1211 672 1282 Au.
840 1207 931 1306 †lu
953 1209 1084 1284 nomine
1108 1207 1232 1282 domiui
1255 1205 1308 1280 dei
1330 1205 1497 1279 novatoris
1521 1205 1623 1279 nostri
1645 1205 1742 1282 llresn
1757 1207 1891 1285 Christi:
1911 1211 2091 1307 lmperrute
2107 1215 2174 1288 ‹lo-

588 1341 695 1409 10280
746 1339 836 1412 miuo
868 1345 981 1412 nostro
1003 1339 1211 1411 Comtrutino
1235 1357 1356 1432 magno
1386 1336 1582 1429 Imperatore
1615 1357 1702 1407 auno
1732 1339 1935 1432 sexagesimo
1967 1348 2088 1415 sextos
2122 1341 2176 1416 die

746 1461 859 1536 octobr
882 1462 1008 1536 decimu
1040 1461 1159 1534 mensis
1181 1457 1365 1532 novembrii
1388 1457 1563 1530 indictione
1588 1459 1783 1534 duodecima
1806 1461 1953 1559 neapoli:
1976 1463 2111 1538 Certum
2127 1473 2175 1539 est

747 1609 806 1660 uos
831 1607 919 1660 veno
941 1585 1011 1657 lilio
1044 1585 1176 1680 quidem
1201 1583 1339 1680 pilrucoi
1362 1584 1492 1678 crputi:
1526 1607 1589 1680 ego
1613 1593 1720 1656 nutem
1743 1606 1805 1680 pro
1827 1585 1901 1660 vioe
1923 1609 2024 1662 mer:
2051 1599 2085 1660 et
2112 1613 2175 1684 pro

745 1719 810 1792 rire
840 1717 972 1812 quidem
1009 1713 1161 1812 gregorio
1192 1715 1252 1808 qui
1284 1713 1469 1786 nominetur
1491 1712 1705 1786 imertrriner
1735 1715 1866 1808 uterino
1889 1735 2045 1810 germano
2068 1737 2170 1790 meo:

746 1859 779 1922 et
803 1844 942 1921 iohanne
965 1845 1023 1942 qui
1046 1843 1232 1916 nominetur
1254 1842 1334 1914 boso
1358 1839 1425 1913 lilio
1448 1839 1614 1938 quondum
1637 1842 1786 1938 stephani
1809 1843 1989 1938 minuto:
2021 1871 2079 1924 seu
2102 1871 2173 1922 ser·
2225 1935 2229 1946 .

745 1975 801 2072 gio
824 1976 883 2071 qui
905 1973 1092 2048 nominatur
1115 1972 1253 2067 ooppulr
1278 1970 1346 2046 filio
1349 2018 1739 2046 .................
1772 1969 1834 2044 hoe
1857 1986 1906 2046 est
1928 1983 2072 2069 parem
2094 1975 2173 2049 2121.

744 2101 901 2178 tutorilrus
925 2103 961 2174 iu
975 2101 1056 2174 ,loeo
1080 2101 1137 2196 qui
1161 2109 1296 2175 vocetur
1318 2099 1544 2196 eroupiulumt
1569 2101 1600 2172 Α
1623 2101 1762 2194 presenti
1782 2101 1835 2174 die
1850 2101 2068 2194 promtissima
2101 2125 2170 2176 vo-

744 2231 882 2308 lumtate
903 2229 1126 2326 promittimus
1149 2229 1243 2303 vobio
1266 2229 1400 2302 domino
1424 2229 1579 2325 gregorio
1601 2227 1773 2300 venerabili
1798 2229 1951 2323 igumeno
1979 2229 2169 2304 monasterii

746 2367 932 2430 sanctorum
955 2353 1053 2448 sergii
1075 2363 1109 2424 ot
1130 2352 1243 2426 brolii:
1268 2353 1326 2448 qui
1341 2375 1428 2426 nuno
1442 2363 1655 2447 congregatus
1670 2361 1718 2424 est
1731 2353 1766 2422 in
1780 2353 1972 2424 monsterio
1984 2363 2169 2427 unctorum

743 2479 892 2554 theotori
912 2487 946 2552 et
964 2478 1135 2551 mumioni
1151 2476 1210 2574 qui
1224 2475 1403 2570 appellatur
1419 2475 1577 2574 omrpiotu
1592 2477 1690 2549 situm
1705 2477 1741 2566 iu
1756 2477 1977 2552 viridiariumt
1996 2489 2029 2552 et
2044 2490 2077 2551 rt
2091 2503 2171 2555 ouu-

744 2615 776 2678 tr
799 2613 905 2678 resur
923 2604 1177 2702 congregatione
1208 2603 1443 2677 monrolrorum
1466 2604 1638 2677 memorati
1671 2605 1770 2676 uncti
1799 2616 1832 2678 et
1854 2606 2046 2682 veuuobilis
2068 2611 2168 2682 vestri

743 2733 946 2808 monrsterii:
969 2741 1103 2829 propter
1125 2732 1289 2830 integrum
1313 2753 1465 2827 mmpum
1487 2730 1629 2806 bostrum
1653 2753 1728 2806 eum
1752 2731 1917 2805 intensiore
1951 2735 2167 2808 suasibilem

740 2859 909 2934 oouiuntrs
940 2869 974 2930 et
1004 2879 1081 2929 oum
1114 2857 1241 2953 integro
1262 2881 1329 2932 um
1351 2859 1494 2955 corrigie
1517 2857 1558 2932 de
1578 2867 1667 2930 terre
1691 2866 1796 2930 uestro
1818 2857 1863 2929 iii
1886 2858 1990 2953 ipsum
2028 2857 2163 2931 insimul

741 2987 777 3060 in
800 3009 868 3060 uno
889 2985 1100 3060 oouiuntum:
1134 2985 1254 3081 quibus
1282 2985 1352 3081 ipse
1375 3007 1528 3082 ormpum
1551 2985 1740 3057 nominatur
1763 2984 1803 3058 od
1826 2985 1881 3057 illr
1908 3009 2003 3058 ceso:
2030 2995 2064 3056 et
2096 2987 2165 3080 ipsa

739 3115 882 3210 corrigie
904 3114 1090 3188 nominetur
1117 3113 1159 3186 nd
1190 3112 1389 3185 imratellum
1426 3111 1559 3186 imi-mul
1582 3111 1686 3208 posito
1709 3112 1745 3184 iu
1769 3112 1843 3185 loco
1875 3115 1932 3210 qui
1965 3121 2100 3186 vocetur
2133 3122 2166 3183 rt

739 3253 885 3321 sonuum
909 3244 1101 3342 stephanum
1126 3251 1159 3315 ot
1180 3241 1414 3314 ooueilionem:
1441 3239 1573 3312 insimul
1596 3264 1661 3316 une
1683 3265 1761 3316 eum
1784 3243 1954 3316 erroribus
1973 3251 2007 3315 et
2021 3241 2165 3316 introitus

740 3399 813 3448 suos
836 3365 1044 3447 rt'omntbus
1067 3373 1130 3446 sivi
1153 3371 1390 3468 pertinentibus
1413 3347 1593 3466 pertinente
1617 3393 1698 3444 vero
1721 3372 1760 3444 de
1785 3371 1998 3446 infirmarium
2031 3391 2156 3442 memo-

738 3501 802 3570 rati
825 3501 927 3590 munti
963 3507 997 3570 et
1020 3497 1213 3571 venerabilis
1236 3497 1337 3568 vestri
1359 3495 1567 3570 monosterii:
1594 3497 1764 3570 coherente
1792 3496 1855 3567 sivi
1886 3519 1904 3564 u
1935 3505 2153 3566 memoratum

740 3627 906 3720 integrum
928 3645 1082 3718 eampum
1104 3646 1181 3696 oum
1205 3623 1275 3718 ipso
1296 3621 1461 3695 intorsione
1485 3621 1617 3697 insimul
1640 3625 1680 3696 ols
1703 3647 1769 3696 uuo
1793 3623 1892 3696 lutere
1929 3631 2020 3719 porte
2046 3623 2164 3696 orien-

737 3753 781 3826 tis
805 3759 891 3823 terre
912 3749 954 3824 ‹lo
977 3749 1026 3822 illi
1050 3748 1198 3846 oroopiee
1221 3758 1255 3821 et
1278 3759 1363 3822 torro
1386 3749 1522 3826 lererlm
1545 3751 1669 3826 domini
1691 3751 1803 3827 oosrrii
1842 3753 1883 3825 ‹le
1911 3751 2045 3826 lomim
2076 3777 2158 3826 onuu

738 3899 875 3950 romum
898 3899 955 3952 seu
980 3887 1013 3948 et
1036 3885 1124 3946 terre
1147 3873 1281 3948 heredes
1297 3875 1422 3948 domiui
1436 3873 1584 3952 iohounio
1609 3879 1649 3953 tle
1673 3878 1804 3952 domino
1818 3899 1955 3952 mmmo
1971 3879 2065 3952 sicuti
2081 3881 2164 3954 iuter

736 4027 772 4074 se
795 4001 879 4097 sepis
900 4011 934 4075 et
956 4002 1092 4072 losootus
1115 3991 1258 4073 exiluit:
1284 4009 1318 4075 et
1341 4001 1382 4074 ‹le
1406 4001 1473 4074 ulio
1494 4002 1594 4077 lutere
1616 4014 1707 4098 porte
1724 4005 1898 4077 oooidentis
1928 4015 1976 4077 est
1994 4015 2080 4078 terre
2094 4005 2160 4101 uui

735 4129 799 4202 luit
823 4127 864 4201 do
886 4125 945 4199 illu
967 4115 1185 4200 riulimuum:
1211 4137 1243 4200 et
1268 4137 1355 4204 terro
1377 4137 1555 4203 memoratu
1578 4130 1710 4204 ecclesio
1733 4131 1834 4203 murti
1856 4131 2026 4228 stephani:
2068 4155 2158 4207 soum
2258 4133 2266 4146 '

735 4264 769 4328 et
795 4263 973 4326 memoratu
1004 4253 1143 4349 oorrigie
1168 4267 1274 4327 vestro
1297 4255 1408 4352 ibique
1424 4254 1578 4328 eoniuute
1601 4281 1694 4330 seum
1716 4267 1750 4330 et
1772 4265 1859 4332 terre
1881 4259 2016 4331 heredes
2040 4259 2079 4330 de
2105 4257 2155 4328 illi
2202 4351 2206 4358 ι

719 4380 856 4456 ›ciriorii
880 4381 920 4454 (le
943 4389 1035 4476 portr
1057 4383 1157 4456 nobee
1181 4395 1214 4456 et
1238 4394 1325 4456 terra
1348 4385 1389 4457 de
1413 4385 1475 4480 ipsi
1498 4386 1665 4482 compito:
1692 4409 1857 4484 quomque
1881 4393 1913 4460 et
1935 4395 2018 4458 tem
2032 4386 2071 4459 de
2088 4383 2159 4458 eliis

734 4509 793 4608 qui
809 4507 854 4580 ibi
870 4515 904 4580 ut
920 4507 998 4580 linos
1013 4519 1101 4582 suut:
1117 4512 1158 4584 de
1173 4533 1241 4582 uno
1256 4509 1361 4606 cupito
1379 4521 1470 4607 porte
1487 4511 1713 4608 septentrionis
1731 4521 1779 4584 est
1793 4521 1880 4585 torro
1894 4511 2027 4585 heredes
2052 4516 2159 4609 'quon-

735 4639 810 4713 dum
832 4639 957 4713 domiui
981 4643 1080 4736 sergii
1110 4640 1150 4716 de
1171 4641 1304 4737 oppium
1320 4641 1361 4716 de
1375 4653 1468 4740 porto
1482 4641 1591 4717 nobo:
1616 4651 1650 4717 et
1673 4651 1758 4716 terro
1780 4643 1866 4740 petri
1888 4644 1947 4740 qni
1973 4643 2156 4717 nominatur

734 4763 880 4835 morino
905 4785 963 4835 seu
978 4771 1011 4834 et
1024 4771 1108 4835 terre
1126 4762 1168 4835 (lo
1182 4763 1369 4860 ipsieiriori
1392 4764 1487 4840 menti
1502 4767 1588 4840 iuter
1602 4787 1637 4838 se
1652 4764 1736 4861 sepis
1759 4777 1793 4838 et
1815 4767 1952 4840 ioesutus
1969 4767 2102 4838 exiinutz
2124 4776 2158 4836 et

735 4887 777 4960 rlo
805 4885 870 4960 ulio
892 4887 995 4982 orpite
1016 4895 1107 4982 perte
1129 4889 1309 4965 meridiane
1325 4889 1383 4964 ubi
1399 4900 1475 4962 ruut
1490 4890 1560 4988 ipso
1575 4891 1725 4966 intersint
1740 4900 1788 4964 est
1803 4900 1887 4964 terre
1901 4892 2037 4967 heredes
2060 4891 2157 4987 sergii

733 5009 879 5086 morou
893 5010 1025 5088 biluoet
1044 5015 1231 5086 etterrrde
1247 5015 1296 5090 illi
1312 5016 1665 5092 moooulrettorrrrlo
1684 5019 1828 5116 rliisqui
1848 5017 1895 5092 ili
1918 5027 1951 5091 rt
1970 5019 2050 5092 lines
2067 5027 2155 5090 mut:
