4896 6522
906 522 1051 618 (tol)

274 693 397 756 morata
422 688 506 754 terra
531 682 700 756 memorati
726 683 813 756 leoni
849 684 1029 756 eutoutium
1063 683 1136 758 rhet
1168 684 1208 756 de
1240 681 1438 778 longitudine
1479 689 1562 780 passi
1586 713 1711 764 nourr·-¹

275 809 363 902 ginta
388 809 494 880 dnos:
521 818 554 880 et
576 808 611 878 in
643 829 710 880 uno
741 807 845 900 capite
869 831 888 875 a
912 817 1002 900 parte
1034 809 1074 880 de
1106 817 1284 882 memorata
1315 812 1369 882 via
1399 811 1526 906 publiea
1557 811 1630 882 abet
1653 813 1693 883 de

273 929 442 1002 latitudine
465 933 548 1024 passi
571 932 742 1005 duodecim
765 941 798 1002 et
821 931 884 1002 due
906 931 993 1026 parti
1015 934 1055 1004 de
1078 956 1227 1028 passum:
1260 944 1294 1006 et
1323 937 1359 1006 in
1381 936 1445 1006 alio
1469 933 1572 1027 capite
1602 947 1693 1027 parte

272 1051 313 1123 de
337 1065 512 1126 memorata
537 1065 622 1128 terra
646 1057 815 1128 memorati
838 1057 996 1130 heredum
1019 1062 1184 1156 quondam
1206 1063 1289 1156 petri
1316 1063 1357 1134 de
1382 1086 1466 1135 vona
1491 1065 1564 1135 abet
1579 1067 1620 1136 de
1638 1066 1693 1135 la-

274 1179 410 1250 titudine
435 1181 518 1272 passi
541 1176 711 1256 duodecin
736 1192 768 1255 et
791 1185 906 1278 pedem
929 1207 1052 1256 unum:
1078 1191 1114 1258 'et
1138 1186 1173 1256 in
1196 1188 1301 1259 media
1325 1189 1396 1260 loca
1419 1189 1516 1260 habet
1551 1191 1591 1261 de
1615 1189 1694 1261 lati-

276 1301 386 1374 tudine
410 1302 494 1395 passi
517 1303 689 1376 duodecim
713 1311 745 1374 et
767 1305 912 1398 palmum
935 1301 1063 1380 unumz'
1090 1311 1260 1384 memorati
1288 1333 1366 1384 vero
1401 1312 1485 1405 passi
1518 1317 1692 1386 mensurati

274 1436 350 1500 suut
374 1435 407 1496 at
430 1450 559 1522 passum
583 1429 729 1500 ferreum
752 1438 860 1499 sancte
884 1429 1085 1522 neapolitana
1109 1432 1242 1504 ecclesie
1271 1443 1305 1504 et
1328 1446 1544 1508 memoratum
1566 1441 1696 1532 'pedem

276 1559 496 1622 mensuratum
520 1559 553 1618 at
574 1551 657 1643 pede
679 1552 720 1656 de
743 1559 850 1620 saneta
874 1551 1052 1629 mariabat
1068 1551 1172 1648 platea
1194 1565 1228 1624 et
1252 1566 1466 1628 memoratum
1490 1561 1636 1652 palmum
1661 1573 1694 1633 at

275 1699 408 1750 manum
433 1675 544 1750 iuxta:
572 1677 658 1748 unde
681 1700 739 1772 per
762 1699 821 1750 ane
844 1677 1024 1750 ohartubm
1048 1679 1302 1774 repromittimus
1325 1703 1384 1752 nos
1398 1695 1595 1756 memoratas
1616 1710 1694 1780 ger-

275 1826 386 1876 manas
408 1813 440 1878 et
463 1827 618 1902 germano
640 1829 717 1878 eum
740 1828 897 1880 mnsensu
921 1819 955 1880 et
976 1807 1142 1882 voluntate
1165 1807 1354 1879 memoratis
1372 1807 1498 1880 viribus
1520 1812 1638 1882 uostris
1658 1825 1691 1886 et

273 1928 442 2000 firmamus
474 1929 566 2002 vobis
598 1941 778 2004 memorato
808 1932 941 2002 domino
972 1930 1116 2026 pancrati
1149 1931 1324 2002 venerabili
1365 1932 1519 2024 igumeno
1542 1944 1575 2006 et
1596 1949 1693 2008 sunta

271 2062 453 2124 memorata
476 2065 584 2126 saneta
601 2067 707 2130 vestra
722 2057 972 2152 congregatione
992 2057 1226 2130 monachorum
1243 2051 1414 2128 memorati
1435 2059 1538 2130 saneti
1554 2071 1587 2132 et
1602 2085 1694 2134 vene·

195 2281 198 2288 Ι
275 2175 386 2250 rabilis
410 2179 509 2252 vestri
532 2181 718 2254 monasterii
743 2191 776 2252 et
799 2181 859 2252 tibi
881 2189 1063 2254 memorato
1086 2180 1243 2275 stephano
1265 2182 1455 2277 presbytero
1478 2185 1556 2280 quia
1580 2185 1694 2256 nulia-

275 2319 367 2384 tenus
390 2311 605 2407 presunrimus
621 2333 681 2382 nos
696 2320 753 2382 aut
768 2309 942 2380 heredibus
960 2307 1078 2380 noshis
1092 2331 1153 2380 uec
1169 2309 1321 2382 abeamus
1341 2308 1503 2382 licentiam
1518 2311 1692 2407 aliquando

277 2443 423 2530 tempore
452 2457 511 2506 sos
538 2446 595 2506 aut
619 2432 765 2536 posteris
790 2433 903 2504 restris
934 2441 992 2502 aut
1019 2439 1200 2502 memorato
1227 2443 1337 2504 sancto
1360 2449 1469 2505 uestro
1491 2439 1690 2508 monasterio

280 2571 336 2634 aut
358 2571 392 2634 te
415 2569 595 2634 memorato
618 2560 773 2654 stephano
795 2561 988 2654 presbytero
1010 2554 1064 2627 vel
1087 2555 1153 2626 tuis
1176 2557 1350 2628 heredibus
1374 2580 1416 2626 ex
1439 2557 1507 2650 ipse
1529 2557 1591 2630 due
1607 2563 1690 2652 parti

278 2693 383 2756 vestre
406 2707 472 2781 que
495 2695 675 2754 memorato
697 2681 893 2756 monasterio
917 2677 1024 2774 tetigit
1054 2685 1092 2750 ut
1114 2677 1210 2772 super
1234 2675 1354 2772 legitur
1377 2699 1515 2771 querere
1539 2689 1594 2750 aut
1617 2703 1695 2754 oon·

275 2818 361 2880 trare
383 2833 444 2904 per
466 2809 593 2882 nulium
617 2811 749 2882 modum
773 2833 833 2881 nec
855 2831 914 2902 per
929 2799 1115 2878 suinmissas
1129 2825 1281 2898 personas
1296 2801 1482 2900 nullamque
1499 2805 1691 2879 atinveutam

276 2937 435 3007 rationem
458 2936 667 3031 imperpemis
691 2931 890 3028 temporibus
913 2929 1011 3000 etiam
1034 2938 1067 3000 et
1090 2927 1117 3000 si
1142 2927 1258 3022 quobis
1278 2938 1424 3024 tempore
1442 2930 1559 3002 exieris
1575 2933 1691 3026 quahis

275 3085 428 3160 personas
451 3064 509 3158 qui
533 3086 594 3134 uos
619 3072 675 3133 aut
689 3064 825 3156 posteris
842 3059 956 3130 vestris
976 3057 1028 3129 vel
1042 3065 1222 3128 memorato
1237 3065 1347 3128 restro
1361 3058 1557 3130 monasterio
1577 3059 1694 3132 exinde
1807 3118 1811 3124 .
1866 3030 1868 3036 X

172 3190 174 3194 ’
276 3188 435 3286 quesieris
456 3211 516 3278 per
538 3211 600 3258 nos
623 3198 679 3258 aut
700 3211 760 3282 per
782 3186 901 3258 nostris
924 3183 1097 3257 heredibus
1129 3193 1208 3256 tune
1233 3205 1299 3256 nos
1324 3191 1357 3254 et
1380 3183 1553 3257 heredibus
1577 3187 1700 3258 nostris

274 3337 432 3413 perseum
455 3315 527 3386 ilias
551 3315 642 3388 vobis
673 3315 791 3388 exinde
822 3315 959 3408 desuper
988 3312 1100 3384 tollere
1129 3312 1301 3405 debeamus
1325 3311 1445 3407 absque
1468 3311 1561 3382 omni
1585 3321 1691 3384 vestra
1795 3381 1798 3385 .

278 3441 528 3518 damnietatem:
557 3441 676 3511 iterum
700 3454 732 3511 et
755 3443 855 3512 modo
878 3465 897 3509 a
923 3440 976 3510 die
1000 3437 1157 3532 presentis
1180 3445 1395 3508 memoratum
1410 3435 1590 3508 iudicatum
1605 3437 1690 3530 apud

279 3592 337 3644 vos
360 3567 547 3642 eaubratum
580 3565 785 3636 remisimus:
820 3576 853 3636 et
886 3565 971 3658 apud
1006 3587 1064 3634 ros
1094 3563 1187 3635 iilum
1213 3561 1402 3634 eaubratum
1426 3561 1545 3633 abetis:
1569 3585 1694 3657 quam·

276 3717 365 3790 qua:
393 3701 425 3766 et
449 3701 483 3764 tu
507 3701 685 3762 memorato
707 3687 863 3782 stephano
886 3686 1076 3784 presbytero
1099 3695 1132 3758 et
1155 3687 1220 3758 tuis
1243 3686 1416 3760 heredibus
1437 3687 1506 3785 ipse
1533 3687 1596 3760 doe
1612 3686 1697 3782 parti

276 3823 333 3919 qui
357 3831 536 3894 memorato
558 3818 754 3892 monasterio
779 3817 886 3912 tetigit
909 3841 967 3912 per
990 3818 1124 3891 lioerem
1144 3815 1184 3890 de
1208 3825 1390 3887 memorato
1409 3814 1606 3885 monasterio
1622 3811 1696 3882 iiiut

276 3959 386 4042 tenere
409 3957 443 4020 et
466 3946 634 4020 dominare
657 3969 715 4018 sen
738 3945 883 4040 frugiare
906 3943 1049 4016 debeatis
1072 3953 1106 4016 et
1130 3943 1164 4012 in
1180 3949 1359 4014 memorato
1373 3947 1485 4010 saneto
1498 3937 1697 4010 monastario

277 4075 395 4150 homni
420 4097 525 4166 annua
548 4075 655 4168 ipsum
676 4075 934 4169 responsatienm
956 4071 1034 4144 dara
1066 4079 1100 4142 et
1122 4067 1305 4166 persolvere
1329 4065 1470 4138 debeatis
1492 4063 1587 4136 sicuti
1609 4085 1696 4132 eou-

276 4201 359 4272 tiuet
383 4197 566 4270 firmissima
589 4195 735 4268 sumna
757 4216 823 4287 que
845 4203 884 4264 tu
907 4193 943 4264 in
965 4199 1146 4266 memorato
1169 4187 1365 4262 monasterio
1384 4187 1425 4260 de
1439 4187 1547 4282 ipsum
1561 4207 1695 4279 respon-

274 4323 414 4396 satieum
440 4325 556 4392 tactam
579 4318 673 4389 abes:
709 4318 841 4410 insuper
873 4323 907 4384 et
934 4321 1115 4384 memorata
1141 4312 1267 4406 integra
1299 4309 1394 4380 tertia
1418 4319 1527 4381 nostra
1552 4307 1610 4402 qui
1634 4328 1694 4378 nos

276 4451 392 4544 tetegit
415 4445 555 4542 qualiter
577 4465 637 4540 per
658 4439 830 4514 memorati
852 4439 939 4534 passi
961 4449 995 4513 et
1016 4460 1167 4508 mensura
1189 4437 1283 4510 nobis
1306 4437 1453 4532 superius
1476 4430 1697 4525 exegregastis

277 4581 313 4654 in
337 4585 447 4649 nostra
470 4573 651 4668 nostrisque
674 4567 847 4645 heredibus
878 4570 943 4638 sint
966 4572 1122 4662 potestate
1149 4587 1279 4660 queque
1303 4564 1420 4636 exinde
1443 4563 1549 4631 farere
1573 4555 1695 4679 volue-

277 4704 382 4777 rimus
404 4701 507 4772 libera
529 4720 656 4792 semper
680 4697 716 4768 in
739 4694 892 4766 omnibus
916 4692 1071 4766 abeamus
1097 4697 1311 4792 potestatem:
1344 4688 1441 4759 etiam
1469 4693 1503 4757 et
1525 4685 1554 4757 si
1577 4683 1696 4781 quohis

278 4838 423 4922 ternpore
446 4821 564 4896 exieris
587 4818 702 4916 quabis
725 4839 880 4914 personas
903 4817 961 4914 qui
984 4837 1047 4888 nos
1068 4824 1125 4890 aut
1146 4811 1281 4886 heredes
1304 4809 1424 4883 nuruis
1453 4809 1494 4882 de
1517 4808 1587 4905 ipsa
1601 4808 1696 4880 tertia
