4940 6518
917 575 932 674 l
958 588 978 650 ⁹
1004 578 1018 676 l

900 865 1062 940 cetum

872 1120 1000 1195 Christe
1025 1124 1107 1196 lave.

370 1381 401 1479 †
424 1383 463 1454 ln
485 1383 616 1454 nomine
638 1379 761 1452 domini
785 1378 838 1450 dci
861 1379 1030 1450 salvatoris
1052 1378 1155 1449 nostri
1179 1378 1275 1450 lhesu
1299 1379 1419 1454 Christi
1439 1381 1618 1474 Imperante
1636 1381 1696 1453 do-
1788 1357 1850 1424 An·

274 1507 367 1580 mino
389 1513 498 1576 nostro
521 1499 639 1572 basilio
662 1517 781 1592 magno
795 1501 1002 1594 ¹Imperatore
1022 1509 1109 1572 duno
1133 1501 1560 1594 quadragesimosecundo:
1585 1504 1640 1574 sed
1662 1511 1696 1574 et
1752 1494 1877 1554 40⁰2·

276 1626 477 1700 constantino
500 1645 619 1718 magno
641 1621 837 1716 imperatore
870 1624 968 1693 lrater
1001 1622 1072 1698 eius
1098 1645 1182 1694 anno
1204 1623 1368 1695 tricesimo
1391 1645 1499 1694 nono:
1524 1627 1577 1697 die
1600 1629 1695 1702 tertia

276 1754 400 1826 decima
432 1749 550 1822 ntem’u
581 1747 692 1842 aprilis
722 1745 899 1818 indictione
930 1748 1043 1842 quinta
1074 1746 1200 1820 decima
1227 1745 1375 1847 neapoli:
1406 1748 1539 1824 Certum
1563 1757 1611 1818 est
1634 1773 1695 1820 nos

275 1872 467 1946 muudum
491 1878 524 1942 et
545 1868 730 1942 iohannem.
755 1891 821 1945 seu·
841 1870 1031 1964 gregorium
1063 1869 1200 1944 uterinis
1223 1874 1405 1966 germanis:
1429 1873 1504 1944 liliis
1527 1875 1693 1970 quondam

275 1990 396 2066 domini
418 1988 504 2084 petri
526 1987 677 2062 monachi
696 1999 911 2083 cognomento
926 1990 1176 2083 palamenestra:
1200 1992 1385 2085 Apresenti
1399 1992 1453 2062 die
1475 1989 1693 2088 promtissima

274 2117 457 2198 volumtate.
490 2117 766 2190 Veuumdedimus
798 2129 830 2188 et
860 2117 1050 2190 tradidimus
1083 2117 1179 2188 vohis
1211 2118 1345 2192 domiuo
1359 2169 1362 2176 -
1377 2122 1485 2214 sergio
1512 2125 1693 2216 venernhili

272 2239 460 2333 presbytero
483 2237 649 2312 custodem
671 2259 752 2310 vero
774 2236 908 2310 ecclesie
930 2236 1105 2308 beatissimi
1126 2235 1234 2309 seheri
1256 2236 1369 2310 christi
1391 2241 1570 2314 confessori
1592 2253 1690 2339 atque

272 2363 427 2456 pontifex.
460 2371 493 2432 et
523 2383 581 2454 per
612 2382 672 2432 vos
702 2357 868 2452 iumagiue
896 2379 995 2454 quem
1023 2359 1189 2456 quondam
1212 2360 1265 2434 loo
1288 2362 1356 2434 lilio
1379 2364 1543 2458 quondam
1566 2367 1692 2438 domini

270 2489 416 2584 stephani
440 2489 573 2583 pingere
596 2489 673 2562 lecit
687 2491 727 2562 ad
743 2510 878 2562 onorem
894 2473 1079 2560 sanctorum
1095 2489 1228 2580 gregori
1251 2511 1333 2582 papa
1348 2492 1510 2562 rommani
1525 2501 1557 2562 et
1572 2493 1690 2586 agnelli

257 2613 386 2690 christi
409 2613 583 2686 confessori
606 2633 687 2708 quas
708 2613 776 2706 ipsa
799 2611 908 2706 posuit
929 2611 1016 2682 intus
1040 2609 1151 2680 eadem
1173 2619 1282 2682 restra
1298 2613 1447 2686 ecclesia
1463 2614 1548 2686 ldest
1562 2617 1687 2709 integra

271 2763 336 2812 una
359 2739 444 2833 petie
468 2737 508 2810 de
530 2737 679 2810 lundam.
705 2759 770 2809 una
793 2759 869 2808 cum
893 2735 1019 2830 integra
1042 2757 1107 2806 una
1129 2733 1216 2830 petia
1240 2734 1281 2806 de
1304 2734 1446 2808 clusuria
1469 2737 1510 2810 de
1530 2749 1613 2810 terra
1630 2765 1692 2812 no-

270 2875 336 2936 stra
360 2865 442 2938 iusta
465 2886 501 2938 se
522 2874 614 2960 parte
636 2852 813 2938 meridiana
838 2863 898 2960 qui
920 2865 1107 2936 nominatur
1122 2863 1332 2958 nepulianum
1347 2865 1451 2958 posita
1469 2889 1550 2940 vero
1564 2868 1599 2938 in
1616 2870 1689 2940 loeo

271 2991 329 3085 qui
341 2999 478 3062 vocatur
490 2989 617 3085 galloro
631 3012 697 3063 una
711 3009 790 3062 cum
805 2987 976 3062 cruoribus
991 2987 1166 3058 fructiferis
1181 2986 1231 3058 vel
1247 2987 1480 3062 inlruuctileris
1496 2991 1593 3064 simul
1608 3017 1688 3066 cum

268 3114 418 3184 introitas
441 3134 515 3182 suas
538 3112 775 3206 omnibusque:
802 3113 850 3183 eis
871 3109 1126 3204 pertinentibus:
1161 3109 1334 3182 coherente
1364 3137 1383 3180 a
1406 3127 1582 3200 memorata
1604 3119 1691 3210 petia

269 3241 312 3310 de
336 3239 475 3310 fundum
497 3259 563 3332 que
585 3239 735 3333 superius
757 3238 853 3308 vohis
874 3235 1143 3308 venumdedimus
1162 3235 1203 3306 ah
1216 3260 1283 3310 una
1298 3237 1398 3310 latere
1414 3252 1591 3314 memorata
1606 3245 1692 3336 petia

271 3365 314 3436 de
337 3371 517 3435 memorata
547 3361 689 3434 clusuris
712 3351 819 3459 ¹quem
848 3361 996 3456 superius
1020 3365 1114 3436 vohis
1136 3365 1403 3449 venumdedimus
1426 3368 1524 3440 simul
1547 3379 1581 3441 et
1604 3373 1690 3464 petia

271 3489 314 3560 de
337 3495 424 3558 terra
447 3507 489 3559 ex
511 3485 581 3578 ipsa
598 3486 746 3584 clusuris
768 3487 926 3560 heredum
957 3487 1121 3582 quondam
1145 3483 1269 3560 domini
1295 3488 1442 3561 theodori
1465 3471 1626 3586 gummuli.
1651 3497 1692 3570 de

270 3609 337 3682 alio
360 3609 460 3680 latere
481 3617 530 3680 est
552 3609 638 3702 petia
660 3607 702 3680 de
724 3617 941 3680 memoratmn
965 3606 1102 3698 lundam
1126 3610 1312 3686 monasterii
1342 3623 1528 3706 sanctorum
1551 3617 1691 3715 seheriui
1725 3651 1730 3658 ·

269 3750 302 3812 et
324 3735 423 3823 sossii
441 3735 499 3808 uli
522 3759 638 3810 eorum
661 3735 857 3824 venerahilia
880 3737 1053 3833 quieseunt
1075 3765 1221 3837 corpora.
1244 3753 1277 3816 st
1299 3745 1340 3818 de
1362 3745 1410 3818 illi
1434 3746 1554 3823 dentici
1579 3751 1692 3822 amal-

269 3864 370 3938 litani.
393 3861 434 3934 de
457 3884 524 3934 uuo
548 3861 651 3957 eapite
682 3861 769 3958 petia
801 3857 842 3935 de
864 3875 1082 3940 memoratum
1106 3867 1245 3940 fundum
1268 3875 1445 3950 memorate
1468 3873 1603 3950 ecclesie
1627 3901 1692 3948 ve-

271 4001 351 4064 stra.
375 3989 417 4062 de
438 3985 504 4060 alio
527 3989 634 4082 capite
656 3989 794 4060 fundum
818 3986 943 4060 domini
966 3990 1192 4086 gaitalgrime:
1222 4003 1256 4066 et
1278 4003 1310 4063 at
1332 3996 1401 4088 ipsa
1424 3999 1511 4092 petia
1536 4000 1579 4071 de
1602 4009 1688 4072 terra

269 4143 313 4190 ex
336 4121 406 4212 ipsa
429 4119 570 4190 clusuris
599 4141 665 4222 que
696 4117 845 4212 superius
868 4115 963 4188 vohis
985 4118 1256 4194 venumdedimus
1279 4122 1412 4194 coheret
1433 4125 1475 4199 de
1500 4149 1567 4199 uuo
1589 4126 1690 4202 latere

269 4248 356 4342 petia
379 4246 420 4318 da
443 4231 621 4320 memorata
643 4245 784 4322 clusuria
807 4245 849 4317 de
872 4257 957 4320 terra
980 4246 1124 4341 predicte
1147 4249 1283 4323 ecclesie
1303 4252 1403 4325 sancti
1417 4253 1542 4328 seheri:
1570 4258 1610 4330 de
1627 4259 1693 4331 alio

270 4373 371 4444 latere
395 4371 480 4466 petia
505 4369 545 4441 de
570 4371 642 4464 ipsu
662 4369 816 4441 clusuris.
828 4370 869 4442 de
884 4379 971 4444 terre
985 4372 1120 4464 predicti
1136 4373 1271 4448 herodes
1286 4377 1412 4452 hmini
1426 4379 1578 4476 theodori
1593 4407 1693 4477 guar-

267 4498 348 4604 nuli
372 4500 413 4570 de
435 4521 503 4586 amo
518 4499 631 4592 ,capite
649 4506 710 4584 est·
725 4506 904 4571 memorata
926 4495 1013 4592 petia
1036 4523 1080 4572 ex
1101 4501 1209 4594 ipsum
1233 4505 1371 4578 fundum
1394 4531 1460 4602 que
1478 4509 1692 4612 vohissupe-

267 4623 340 4694 rius
361 4620 634 4692 venumdedimus
652 4621 748 4694 sicuti
771 4623 857 4700 inter
872 4644 907 4692 se
923 4620 1009 4715 sepis
1031 4623 1162 4694 exfinat
1186 4626 1226 4697 de
1248 4628 1313 4700 alio
1337 4633 1441 4724 capito
1464 4633 1689 4710 terradomiui

267 4747 351 4838 petri
376 4743 560 4838 pantaleoni
583 4745 720 4840 qualiter
741 4747 825 4818 inter
847 4769 882 4817 se
906 4743 990 4840 sepis
1014 4747 1153 4819 exhort:
1188 4751 1228 4822 de
1256 4777 1321 4847 qua
1345 4755 1426 4826 nihil
1450 4757 1544 4829 uchis
1569 4761 1689 4834 exinde

266 4867 398 4964 aliquod
421 4861 574 4939 remansit
597 4879 653 4939 aut
675 4868 911 4942 reserhavimus
934 4894 994 4945 nec
1017 4871 1051 4944 iu
1074 4872 1175 4947 aliena
1198 4898 1349 4972 personas
1377 4881 1597 4960 commisiurus
1622 4909 1691 4978 po-

387 4997 451 5066 Vct.
475 4997 499 5066 1
501 4997 535 5066 V.
1316 5019 1337 5078 2
