4888 6528
1398 563 1628 696 (rto).-

1378 849 1572 924 cccxxttt.

629 1127 691 1198 An.
860 1119 892 1212 †
913 1113 1093 1188 innomine
1108 1112 1232 1188 tentn
1247 1112 1299 1186 titi
1311 1110 1478 1186 mentoris
1490 1109 1593 1182 noetri
1606 1109 1704 1183 litem
1724 1103 1845 1186 OEriofl
1859 1115 2039 1211 inponente
2055 1123 2189 1197 imino

610 1265 718 1331 tout.
770 1244 880 1320 nootro
902 1243 1016 1315 hmilio
1040 1259 1162 1336 mepuo
1184 1237 1399 1336 trnpeirtoro:
1420 1256 1505 1312 omo
1520 1239 1724 1334 mmgeeinro
1737 1243 1851 1312 tertio:
1874 1243 1929 1316 sed
1943 1255 1977 1315 et
1991 1249 2192 1322 constentino

770 1365 950 1440 operette
964 1383 1084 1458 urguo
1098 1365 1292 1458 inperatore
1314 1381 1399 1434 enno
1422 1361 1623 1456 mingedmo
1646 1361 1699 1434 dio
1722 1364 1848 1437 decimu
1870 1367 1990 1438 nnumin
2016 1371 2192 1465 septembri

772 1493 944 1566 indictione
967 1499 1059 1564 nerto
1083 1489 1240 1583 nerpoti:
1264 1488 1397 1562 &nunt
1420 1495 1470 1559 eet
1490 1493 1544 1562 too
1569 1485 1672 1558 muria
1695 1487 1756 1582 qui
1780 1492 2195 1568 manutenuerunt·

772 1625 935 1722 quondam
960 1619 1087 1692 domini
1109 1613 1255 1690 biteiiani
1284 1627 1501 1714 cognomento
1516 1617 1760 1690 oroomucoulo:
1775 1619 1887 1692 relietu
1904 1631 2014 1695 rentem
2028 1624 2193 1720 quondum

774 1749 896 1824 tunm
911 1735 1010 1840 sergii
1023 1753 1238 1840 cognomento
1254 1747 1293 1819 rte
1310 1745 1441 1841 gintiler
1456 1745 1487 1818 A
1502 1747 1642 1840 presenti
1659 1746 1712 1819 die
1727 1747 1946 1842 promtissime
1967 1751 2190 1826 roitnntntern:

773 1876 967 1951 venumdedi
979 1883 1011 1946 e't
1024 1873 1141 1945 tradidi
1155 1873 1214 1946 tiri
1227 1873 1359 1946 iohanni
1373 1874 1509 1946 terrario
1525 1874 1584 1970 qui
1597 1873 1784 1946 nominetur
1796 1875 1931 1947 corbulo
1945 1876 2015 1948 tilio
2029 1879 2194 1972 quondum

775 2005 858 2096 petri
883 1997 1008 2074 terrarii
1033 1999 1092 2095 qui
1112 2001 1297 2072 nominator
1320 1999 1474 2074 corbulo:
1502 2002 1585 2076 idest
1607 2003 1732 2098 integra
1756 2025 1820 2074 unu
1843 2003 1928 2096 petio
1948 2025 2020 2076 men
2044 2005 2086 2076 ‹te
2107 2015 2193 2076 terra

777 2143 842 2220 que
875 2122 1059 2195 nominator
1086 2129 1120 2192 nt
1150 2119 1329 2193 correlarit
1363 2122 1465 2217 positu
1495 2119 1627 2194 iniooo
1652 2121 1711 2219 qui
1744 2123 1929 2195 nominetur
1959 2123 2089 2196 cerole:
2124 2147 2191 2199 tuna

657 2265 659 2272 ·
776 2267 852 2318 eum
866 2241 1053 2316 intersioum
1081 2262 1177 2315 eoum
1204 2249 1238 2313 et
1253 2263 1329 2316 cnm
1353 2265 1395 2317 ex
1418 2251 1508 2340 parte
1533 2243 1573 2318 ie
1597 2245 1722 2338 ooupnle
1738 2244 1848 2340 ibique
1869 2243 2079 2318 coniunctum
2095 2257 2189 2342 purte

778 2369 952 2443 occidentis
980 2379 1013 2442 et
1034 2389 1110 2442 cnm
1132 2361 1331 2464 palmentum
1347 2369 1502 2444 trubitunr
1522 2379 1555 2441 et
1570 2367 1803 2444 suhseetoriun
1819 2391 1939 2444 ouum:
1959 2374 2018 2468 qui
2033 2373 2068 2444 in
2084 2373 2194 2467 ipeum

775 2497 964 2570 uersuum
989 2516 1050 2566 exe
1073 2493 1221 2566 iidetur:
1249 2507 1283 2566 et
1305 2495 1445 2592 qualiter
1468 2497 1631 2571 deseendit
1653 2507 1685 2570 et
1710 2499 1799 2570 hedit
1822 2497 1863 2569 du
1888 2497 1957 2594 ipen
1972 2500 2118 2572 clusurio
2139 2523 2193 2572 un·

774 2645 838 2718 que
863 2629 895 2692 tt
918 2619 1029 2693 uilium
1050 2621 1091 2692 de
1120 2619 1184 2691 nlie
1212 2619 1341 2715 teupulo
1356 2619 1413 2718 qui
1429 2621 1492 2696 ior’t
1517 2626 1556 2697 de
1581 2621 1671 2696 illum
1687 2622 1911 2696 botrontinnm
1928 2622 1987 2720 qut
2003 2627 2101 2697 modo
2116 2626 2189 2697 abes

774 2752 860 2822 bono
882 2750 1019 2824 fenario
1046 2747 1203 2846 previgno
1228 2771 1313 2822 ruo:
1344 2749 1476 2823 ineimol
1498 2771 1563 2824 unu
1586 2771 1662 2822 oum
1687 2749 1856 2826 arboribus
1881 2763 1913 2825 et
1933 2753 2090 2824 tructorrr
2113 2773 2190 2825 sune

776 2886 808 2947 et
834 2899 910 2950 oum
934 2875 1084 2971 portione
1110 2899 1182 2949 meu
1205 2875 1246 2950 de
1270 2875 1393 2973 piscino
1421 2901 1581 2953 oonnuue:
1608 2877 1668 2976 qui
1693 2887 1742 2951 ert
1764 2877 1848 2952 initu
1872 2877 1940 2974 ipsu
1962 2877 2124 2952 cimoriu:
2151 2887 2186 2950 et
2266 2977 2269 2984 Ι

776 3022 853 3074 oum
878 3003 1025 3078 introitus
1048 3025 1160 3078 eorum
1181 3011 1219 3086 et,
1230 3005 1380 3080 omnihus
1395 3007 1442 3080 eis
1459 3007 1714 3104 pertinentibusz
1736 3010 1910 3104 pertinente
1925 3005 2006 3078 niti
2022 3029 2078 3101 per
2092 3027 2183 3077 oom-

775 3142 921 3228 porutum
935 3157 994 3229 per
1008 3134 1186 3211 chartulam
1204 3134 1452 3231 comparationis
1465 3157 1538 3209 mea
1551 3135 1747 3210 membranis
1763 3137 1959 3231 scriptoque
1977 3133 2058 3204 mihi
2073 3133 2193 3206 exinde

775 3259 850 3330 ierit
881 3257 1035 3333 iohannes
1065 3259 1167 3334 filium
1189 3259 1361 3357 quondum
1389 3257 1513 3334 domini
1537 3259 1683 3358 stephani
1707 3263 1766 3360 qui
1789 3262 1976 3333 nominatur
1991 3267 2191 3355 pupparum-

776 3397 906 3462 rontum
932 3390 1139 3484 postmodum
1167 3411 1244 3464 tero
1269 3385 1435 3462 monrclu':
1465 3368 1547 3464 curn¹
1558 3411 1750 3464 consensum
1768 3387 1869 3462 moun
1885 3387 2064 3460 αωειΙῆιωα
2081 3383 2193 3458 eonius

775 3535 834 3586 run
864 3527 897 3587 et
927 3523 959 3587 nt
988 3525 1168 3590 memorato
1201 3517 1340 3591 iohanne
1369 3517 1525 3614 pertinuit
1545 3539 1604 3612 per
1628 3525 1848 3612 comparatum
1874 3537 1934 3608 per
1959 3513 2022 3584 utin
2044 3513 2192 3586 chartule

776 3641 1025 3735 comparationis
1050 3669 1114 3742 quo
1138 3655 1170 3718 nt
1194 3670 1269 3720 euni
1296 3646 1412 3720 exinde
1437 3645 1514 3718 tecit
1541 3646 1695 3742 stephano
1717 3643 1775 3740 qui
1789 3641 1974 3714 nominatur
1989 3639 2191 3715 rindininttm

776 3767 881 3839 tilium
904 3770 1067 3864 quondam
1090 3775 1173 3870 petri
1196 3775 1317 3851 henorii
1342 3771 1541 3849 rindininum
1564 3773 1769 3871 postmodum
1782 3791 1862 3844 vero
1875 3769 2028 3844 monachi
2043 3779 2076 3844 ot
2090 3771 2209 3845 meria·

779 3897 923 3991 iugules:
950 3905 982 3970 et
1006 3908 1038 3973 nt
1062 3901 1108 3974 eis
1132 3903 1266 3978 obbenit
1291 3929 1311 3975 n
1334 3901 1500 4000 quondum
1523 3901 1617 3977 leone
1634 3899 1762 3974 honorio
1778 3897 1846 3971 filio
1862 3897 1980 3972 marini
1995 3898 2183 3971 lrotrnutini:

779 4031 811 4091 et
838 4029 871 4093 et
899 4021 970 4117 ipso
997 4024 1090 4098 leone
1116 4026 1270 4122 pertinuit
1295 4046 1353 4120 per
1384 4023 1566 4098 churtulum
1596 4021 1845 4121 comparationis
1874 4045 1933 4098 tua
1957 4043 2024 4118 que
2052 4016 2093 4096 ni
2118 4043 2194 4095 eum

633 4129 644 4148 ⁴
778 4145 895 4216 exinde
918 4148 1063 4222 iecerunt
1085 4149 1240 4245 stephano
1263 4154 1296 4221 et
1319 4148 1406 4224 bono
1428 4146 1589 4243 germanis
1606 4148 1681 4220 filiis
1695 4149 1858 4246 qnondam
1871 4125 1956 4244 petri
1971 4145 2076 4220 moroi
2089 4145 2193 4217 milito

780 4266 820 4336 de
847 4267 976 4341 casote:
1008 4281 1041 4343 et
1066 4271 1107 4343 de
1134 4295 1268 4345 nummo.
1288 4269 1354 4342 fitio
1381 4269 1546 4365 quondum
1575 4269 1707 4346 ioinunni
1729 4270 1798 4343 thio
1822 4279 1855 4344 et
1880 4279 2036 4366 nepote:
2061 4257 2223 4342 memo-⁸

779 4401 851 4460 rato
880 4392 1044 4488 quondam
1073 4421 1201 4472 summo
1233 4421 1295 4495 pro
1326 4401 1396 4476 vioe
1418 4399 1574 4500 stephano
1597 4401 1734 4496 puerulo
1757 4393 1873 4495 nepote
1896 4421 1956 4472 ruo
1978 4397 2045 4471 filio
2061 4393 2195 4468 iohanni

780 4521 925 4614 germani
950 4526 1022 4597 sni:
1052 4527 1171 4626 quibus
1202 4534 1270 4627 ipse
1294 4529 1438 4606 chamum
1460 4555 1536 4606 curn
1559 4551 1661 4604 unum
1684 4529 1877 4622 dispositum
1900 4527 2014 4624 quiin
2039 4525 2195 4620 presentie

781 4647 853 4722 dedi
876 4675 936 4746 pro
961 4659 1016 4724 tun
1040 4663 1072 4728 et
1096 4658 1135 4730 de
1160 4659 1223 4732 tois
1246 4660 1420 4733 heredibus
1444 4657 1648 4732 detonsione:
1674 4665 1891 4728 memoratum
1916 4655 2105 4750 dispositum
2119 4651 2195 4724 iecit
2342 4741 2345 4746 Ι

779 4776 942 4866 quondam
958 4781 1089 4854 trorum
1105 4781 1169 4854 iilia
1185 4785 1349 4880 quondum
1365 4783 1441 4854 boni
1454 4779 1632 4877 presbyteri
1649 4779 1763 4854 eonion
1779 4779 1950 4852 memorati
1968 4775 2195 4852 tenuitenui

780 4895 960 4974 continente
983 4905 1182 4999 quommodo
1205 4903 1336 4978 donoioit
1358 4905 1426 4998 iper
1448 4904 1578 4980 drotum
1602 4913 1635 4976 et
1656 4911 1837 4980 memorato
1860 4901 1913 4978 leo
1936 4902 2010 4977 tiro
2033 4921 2094 4976 tuo
2108 4899 2196 4974 inte·
