4882 6534
908 643 1051 740 (set)

876 927 1067 1002 mcxuttt

855 1188 982 1264 eunte
1003 1191 1085 1268 irre.

356 1451 750 1553 †1nuominedonriui
772 1450 826 1522 dei
848 1450 1017 1523 miratorio
1039 1449 1142 1522 nerui
1164 1449 1260 1522 ihesu
1282 1447 1402 1524 Christi
1418 1450 1598 1547 Impereute
1618 1456 1685 1528 do-
1783 1472 1845 1544 m„
1893 1435 1899 1448 ’
1966 1529 1970 1532 ,

260 1587 351 1660 mino
373 1592 485 1658 nostro
507 1601 645 1656 mmono
667 1599 787 1676 migne
818 1575 1013 1674 imperatore
1042 1597 1128 1649 anuo
1157 1575 1321 1649 seeundo:
1345 1577 1399 1650 die
1434 1580 1527 1650 tertie
1563 1583 1682 1654 mensis
1761 1611 1877 1676 103„

260 1712 343 1786 iunii
366 1709 542 1786 indictione
563 1718 679 1806 quarte
695 1707 823 1782 doeimn
837 1704 988 1802 nmpoti:
1008 1701 1140 1776 Certum
1162 1715 1211 1776 est
1233 1721 1294 1774 noe
1315 1701 1507 1798 sephorum
1522 1705 1679 1778 humilem

260 1835 410 1910 abbatem
442 1833 628 1909 monosterii
659 1841 846 1908 senetoruun
877 1827 1019 1904 seberini
1055 1835 1088 1902 et
1122 1826 1216 1900 sossii
1246 1826 1307 1900 ubi
1336 1849 1452 1904 eorum
1471 1830 1682 1916 ‘ementitis

258 1958 426 2053 quimeunt
448 1979 599 2054 empore.
625 1979 691 2030 uno
714 1978 792 2030 omn
812 1961 927 2028 curete
949 1959 1062 2026 nosue
1075 1928 1327 2048 mngregeuone
1341 1951 1667 2030 monuohonumme·

258 2079 378 2154 meruti
399 2081 504 2156 nostri
526 2079 733 2154 momsterii:
758 2079 792 2152 A
814 2077 955 2174 presenti
977 2073 1031 2150 dte
1045 2075 1264 2172 promtissime
1279 2069 1445 2152 minume
1461 2079 1679 2172 promittimus
1759 2173 1762 2180 .

258 2209 351 2282 vohis
373 2209 478 2284 merie
501 2208 635 2284 honesto
656 2209 779 2282 femine
802 2217 835 2282 et
857 2207 1002 2305 aliperus
1031 2207 1193 2302 germouie
1225 2205 1303 2280 titiis
1328 2207 1493 2304 quondum
1524 2207 1672 2280 iohannis

258 2337 547 2432 cognominabatur
571 2333 761 2426 disohipuio.
784 2341 818 2406 et
840 2337 983 2428 quedem
1006 2343 1153 2407 monente
1176 2335 1355 2428 posteriore
1379 2334 1552 2430 iugatum
1584 2339 1618 2405 et
1641 2342 1679 2406 tu

257 2469 434 2536 memoratu
456 2459 562 2536 merto
592 2457 714 2530 coniux
735 2459 877 2552 presemi
899 2457 1001 2552 sergii
1024 2459 1183 2530 eristius:
1206 2468 1340 2553 propter
1368 2463 1529 2554 integram
1560 2464 1685 2538 medie·

258 2598 358 2663 tutem
381 2591 422 2666 de
445 2587 556 2664 inolito
579 2593 670 2662 terro
695 2607 761 2682 que
784 2591 921 2660 roeutur
944 2583 1071 2660 eoutuie
1093 2583 1198 2681 posito
1221 2607 1302 2666 rere
1326 2585 1362 2658 in
1382 2585 1457 2659 loce
1472 2588 1534 2684 qui
1550 2599 1685 2665 roeetnr

258 2719 375 2794 mione.
399 2717 470 2794 Uno
493 2738 570 2792 eom
592 2715 764 2791 erroribus
781 2720 815 2788 et
828 2735 904 2788 eum
920 2714 1088 2790 introitum
1102 2735 1199 2788 snum
1214 2714 1430 2820 ompibnsque
1445 2716 1493 2789 eis
1507 2719 1680 2811 pertinen·

257 2843 353 2916 tibus
380 2840 554 2916 coherente
577 2840 640 2917 siri
654 2839 697 2912 ab
711 2839 781 2937 ipso
795 2839 965 2914 medietato
979 2836 1020 2913 de
1034 2847 1210 2916 memorate
1223 2847 1310 2916 terre
1327 2841 1368 2915 de
1384 2863 1451 2916 uno
1466 2841 1568 2916 lutere
1588 2851 1676 2919 terro

257 2965 416 3041 heredum
438 2967 603 3063 quendem
627 2964 714 3038 leoni
737 2965 827 3062 greci
849 2964 918 3038 iiiio
941 2965 1108 3062 quendem
1130 2966 1266 3042 mmrili
1293 2967 1383 3064 preci
1404 2967 1447 3049 de
1476 2968 1541 3042 olio
1576 2968 1675 3042 lutere

258 3098 379 3164 terrem
400 3087 558 3162 hoedum
580 3087 745 3183 quendem
769 3088 857 3162 leoni
883 3087 952 3162 filio
975 3087 1139 3184 quendem
1163 3091 1288 3166 domiui
1311 3090 1437 3164 morini
1461 3091 1502 3166 de
1520 3113 1587 3165 uuo
1610 3113 1671 3162 eo·-

258 3216 326 3311 pite
349 3223 435 3288 terre
458 3213 785 3290 heredum-iohannis
810 3213 879 3290 titio
903 3215 1069 3313 quom
1091 3217 1215 3292 dommi
1243 3217 1404 3292 theodori.
1429 3220 1470 3292 de
1498 3219 1563 3292 ulio
1581 3221 1684 3314 eapite

258 3352 309 3417 est
332 3341 396 3414 elio
419 3341 590 3416 medietate
613 3364 656 3414 ex
680 3343 750 3438 ipse
773 3351 860 3417 terre
885 3342 944 3440 qui
968 3351 1018 3417 est
1041 3345 1082 3420 de
1104 3345 1273 3420 infirmarii
1295 3347 1468 3419 memorati
1491 3347 1591 3420 rostri
1606 3367 1683 3418 mo-

257 3467 405 3544 nosterii:
432 3469 473 3541 de
496 3491 562 3564 que
578 3469 721 3563 primum
737 3472 872 3565 quidem
887 3472 1037 3546 omnium
1051 3475 1271 3569 promittimus
1286 3474 1381 3550 uobis
1400 3475 1480 3570 qnia
1503 3495 1682 3570 numquam

258 3593 506 3688 presummimus
529 3614 590 3666 uos
621 3599 679 3666 eut
699 3596 835 3686 posteris
857 3597 976 3671 uostris
1004 3617 1066 3669 nee
1088 3608 1269 3670 memoresto
1291 3607 1403 3668 nostro
1427 3598 1608 3670 infirmarie
1641 3600 1681 3671 de

258 3729 433 3795 memorate
456 3721 629 3796 metiente
654 3743 696 3796 ex
719 3722 790 3818 ipen
815 3733 901 3798 terre
924 3733 963 3798 nt
984 3747 1083 3822 super
1105 3726 1226 3821 iegitur
1248 3747 1310 3799 ror
1332 3735 1390 3801 eut
1411 3723 1546 3802 heredes
1565 3731 1684 3800 'vetris

257 3869 392 3943 querere
415 3871 473 3942 per
496 3847 675 3926 chertulnm
696 3852 876 3926 offertionis
900 3875 999 3948 quem
1022 3855 1099 3926 iecit
1123 3855 1288 3954 quondam
1310 3865 1403 3950 petro
1428 3881 1447 3927 s
1474 3858 1537 3928 deo
1562 3855 1681 3928 debete

259 3973 417 4047 monache
439 3977 610 4048 memordti
634 3979 737 4051 nostri
759 3979 947 4052 monasterii
971 3981 1006 4048 in
1030 3977 1183 4049 iamdicto
1208 3987 1320 4050 nostm
1344 3980 1523 4052 infirmario
1544 3989 1600 4052 out
1623 4003 1683 4075 per

259 4097 359 4172 elium
385 4099 689 4196 quolibetmodum
718 4125 778 4173 nee
808 4123 868 4195 per
899 4099 1084 4172 summissos
1106 4122 1257 4194 personas
1280 4103 1532 4197 imperpetuum.
1567 4105 1680 4200 etqui

257 4252 315 4305 vos
342 4238 398 4302 out
421 4227 554 4303 heredes
577 4229 691 4302 restris
715 4229 756 4298 de
779 4227 847 4322 ipso
870 4227 1042 4300 medietnte
1067 4253 1108 4301 ex
1135 4228 1204 4322 ipsu
1236 4237 1322 4300 terro
1355 4237 1395 4308 ut
1428 4251 1525 4326 super
1557 4230 1677 4326 legitur
1793 4240 1801 4252 ’

257 4373 290 4432 at
314 4357 514 4456 querendum
537 4357 665 4430 benerit
687 4379 747 4452 per
769 4376 829 4426 nes
853 4362 909 4426 eut
931 4376 989 4449 per
1011 4359 1128 4431 nostris
1152 4355 1287 4456 posteris
1317 4355 1371 4430 vel
1407 4381 1466 4456 per
1496 4350 1677 4435 memerato

255 4499 366 4563 uoetm
388 4487 579 4561 infirmario.
605 4493 694 4592 tuno·
708 4505 766 4558 nos
790 4491 822 4556 et
844 4485 981 4578 posteris
1005 4487 1123 4558 nostris
1155 4495 1188 4558 et
1222 4495 1402 4561 memorato
1435 4497 1547 4562 nostro
1578 4490 1678 4562 indr-

254 4611 360 4686 msu'o
392 4609 485 4684 robis
507 4607 702 4704 vestrisque:
739 4605 910 4678 heredibus
935 4607 1051 4682 exinde
1075 4610 1211 4704 desuper
1234 4609 1346 4682 tollere
1370 4619 1403 4684 et
1425 4609 1541 4700 taeitos
1564 4609 1672 4686 fecere

255 4737 447 4810 debeamus:
478 4757 577 4830 esque
601 4733 691 4808 omui
715 4734 788 4804 dete
811 4734 1011 4805 oeeensione
1036 4733 1083 4806 lto
1106 4735 1139 4805 e't
1162 4733 1344 4810 medemnos
1367 4739 1592 4830 presummetie
1615 4759 1675 4812 ros

257 4875 313 4940 out
334 4865 468 4940 heredes
491 4865 606 4940 restris
628 4887 688 4938 neo
712 4861 831 4936 abestis
852 4861 1016 4936 licentiam
1033 4863 1206 4960 eliquanto
1223 4851 1368 4962 t'empore
1386 4890 1446 4941 nos
1466 4875 1523 4940 rut
1538 4869 1674 4964 porteris
1749 4892 1753 4900 ·

257 4991 373 5064 nostris
395 5011 455 5063 nee
480 4999 659 5062 memoreto
681 4994 793 5062 nostre
816 4985 995 5060 infirmario
1018 5009 1156 5086 quemne
1180 4989 1221 5062 de
1244 4991 1406 5086 integrum
1429 4991 1578 5088 portione
1608 4990 1667 5088 qui
