4888 6528
881 634 1023 732 (mr)

228 795 336 870 ambos
358 801 465 890 pnrtes
499 793 574 868 illos
597 793 674 868 dure
704 799 738 865 ot
768 813 889 886 ponere
921 791 1094 866 debeamus
1120 813 1179 887 per
1201 789 1432 870 medietatomr
1466 805 1644 870 memorato

230 922 423 994 monasterio
456 921 688 992 medietatem:
725 929 758 992 et
793 939 854 1016 vos
885 919 1071 991 memoratis
1093 918 1300 993 moliuntores
1323 920 1385 992 din
1408 923 1642 996 medietatem:

229 1047 326 1118 otiam
339 1022 385 1117 ‘et
408 1046 556 1120 dedimus
579 1045 672 1116 vobis
695 1053 729 1116 et
750 1045 807 1116 ille
829 1037 895 1116 tres
918 1043 1081 1121 exorturis
1103 1065 1169 1140 qne
1191 1044 1227 1118 in
1255 1053 1434 1126 momoruto
1465 1046 1540 1120 loeo
1565 1047 1648 1126 obe-

224 1197 316 1246 mus:
348 1173 412 1244 due
436 1196 479 1244 ex
503 1195 542 1243 eo
564 1183 642 1246 sunt
664 1171 809 1245 exuude:
837 1180 871 1242 et
895 1187 959 1242 unu
983 1180 1032 1242 est
1054 1171 1236 1248 exoonsitu:
1259 1181 1293 1244 et
1315 1171 1355 1244 de
1377 1173 1447 1268 ipsa
1480 1177 1644 1249 exortoria

225 1299 285 1394 qui
310 1307 359 1368 est
381 1298 548 1370 exoonsitn
581 1299 672 1368 omni
704 1319 810 1370 unuue
842 1297 919 1370 dero
951 1296 1092 1370 debentis
1114 1297 1149 1367 in
1172 1302 1352 1368 memorato
1382 1300 1578 1373 monasterio
1609 1303 1644 1376 in

226 1448 309 1497 auro
332 1433 401 1496 ture
423 1447 527 1496 unum
550 1431 584 1494 ot
607 1444 708 1496 unum
731 1424 859 1515 parium
883 1422 924 1492 de
948 1419 1032 1493 anati
1055 1423 1083 1492 si
1105 1422 1204 1494 buerit
1227 1432 1355 1517 tempus
1378 1422 1419 1497 do
1440 1426 1545 1500 mati:
1571 1428 1648 1500 etsi.

224 1571 292 1624 uon
307 1551 406 1623 fuerit
416 1560 541 1644 tempus
555 1549 595 1620 de
611 1546 857 1620 montanianus
870 1545 1039 1619 vobiscum
1054 1547 1220 1642 quomodo
1234 1547 1348 1620 seueris
1364 1548 1436 1622 diis
1446 1553 1645 1626 omminibus

225 1687 303 1751 dnm
325 1680 392 1754 suis
407 1677 613 1774 portionariis
636 1675 695 1772 qui
718 1675 753 1746 in
776 1680 957 1746 memorato
979 1673 1053 1744 loco
1076 1673 1238 1746 exorturis
1261 1673 1428 1748 tenueris:
1454 1678 1550 1750 etde
1575 1677 1645 1770 ipse

225 1807 320 1880 umbo
344 1805 508 1878 exmtorio
532 1803 680 1900 quisunt
703 1802 862 1874 exaudem
885 1800 948 1874 iltis
963 1808 1114 1873 excotere
1128 1797 1291 1872 debeatis:
1316 1809 1350 1874 ot
1372 1801 1419 1874 sio
1441 1802 1538 1875 nobis·
1559 1804 1643 1876 etin

221 1943 403 2008 memorato
426 1944 537 2006 nostro
556 1932 750 2008 monasterio
765 1931 884 2004 exinde
900 1931 977 2002 dero
992 1940 1026 2002 et
1042 1931 1235 2026 respondere
1249 1929 1391 2004 debentis
1406 1932 1572 2028 quomodo
1586 1929 1644 2005 de·

220 2059 364 2130 deris-et
378 2056 491 2129 seceris
507 2055 577 2127 nliis
600 2053 798 2126 omminibus
820 2075 895 2125 oum
918 2053 985 2124 suis
1008 2053 1214 2148 portionariis
1237 2052 1295 2147 qui
1318 2052 1353 2125 in
1377 2060 1556 2126 memorato
1569 2053 1644 2127 loeo

219 2183 381 2256 excetorie
404 2181 562 2254 tenueris:
578 2189 612 2252 et
626 2179 820 2275 quandoque
834 2177 870 2250 in
884 2187 1100 2254 memoratum
1123 2176 1283 2248 molinum
1305 2187 1453 2248 nostrum
1476 2199 1643 2251 mueensro

218 2304 420 2380 voluerimus
444 2302 567 2375 victum
591 2311 738 2376 nostrum
761 2301 924 2372 licentiam
948 2310 982 2371 et
1004 2309 1195 2394 potestatem
1218 2297 1311 2372 rbem
1334 2291 1515 2374 memorato
1531 2307 1642 2372 nostro

219 2430 417 2500 monasterio
440 2426 562 2496 ibidem
585 2445 754 2494 macenore
775 2432 808 2492 et
830 2422 924 2494 nobis
947 2421 1043 2505 illum
1064 2423 1211 2516 inpetere
1225 2423 1397 2498 debeamus
1419 2425 1455 2497 in
1473 2427 1542 2520 ipsu
1565 2447 1642 2499 me-

221 2553 375 2626 dietatem
396 2561 507 2624 nostra
530 2547 795 2646 perflrutiooineas
809 2546 905 2620 sicuti
920 2544 1041 2618 ibidem
1065 2546 1339 2647 murenaverimus
1361 2557 1394 2620 et
1407 2550 1641 2624 nonnbunmus

219 2673 386 2748 licentiam
408 2693 468 2744 nos
493 2681 525 2742 et
548 2668 685 2766 posteris
708 2668 828 2742 nostris
851 2657 1085 2768 'osroenorum
1107 2677 1220 2742 nostro
1242 2669 1437 2740 monasterio
1459 2668 1552 2745 robis
1574 2695 1639 2746 rs-
1780 2685 1784 2696 '

218 2799 361 2894 utrisque
392 2795 567 2870 heredibus
602 2795 720 2868 exinde
752 2797 871 2870 iactare
906 2807 964 2870 sut
995 2797 1068 2870 illos
1099 2795 1214 2871 tollere
1236 2820 1295 2894 per
1319 2797 1446 2872 undum
1473 2797 1636 2873 modum:

218 2923 424 3018 ntinrplentes
446 2945 506 2996 ros
529 2935 561 2996 et
584 2921 757 2996 heredibus
780 2921 896 2998 restris
920 2923 1029 2996 omnin
1051 2931 1228 2996 memoratu
1251 2923 1286 2996 in
1308 2929 1487 2996 memorato
1516 2944 1637 2996 monn-

217 3051 323 3123 sterio
346 3073 404 3146 per
428 3074 561 3124 omnem
585 3051 732 3124 ordinem
748 3059 781 3123 et
795 3061 909 3124 tenore
925 3051 1066 3148 qualiter
1089 3051 1236 3146 superius
1252 3051 1389 3148 legitur:
1416 3062 1450 3128 et
1470 3053 1549 3127 dum
1564 3051 1638 3124 iilos

216 3177 414 3252 tenueritis:
443 3187 621 3250 memorato
644 3177 840 3250 monasterio
864 3179 958 3252 vobis
981 3179 1159 3276 restrisqde
1182 3177 1355 3252 heredibus
1373 3179 1445 3250 illos
1466 3181 1637 3254 defendere

214 3304 337 3408 debeas
361 3301 401 3375 do
426 3327 538 3376 omnes
568 3298 692 3378 omines
725 3305 880 3402 omnique
903 3307 1049 3401 personis
1078 3314 1210 3401 aperte
1233 3308 1273 3380 de
1296 3307 1357 3380 istu
1386 3308 1576 3382 civitatem:
1603 3313 1636 3378 et

213 3433 416 3526 quandoque
439 3454 498 3502 ros
522 3441 554 3504 et
577 3431 752 3504 heredibus
784 3434 899 3506 vestris
929 3434 1003 3506 iilos
1026 3433 1250 3508 abrenuntiare
1273 3434 1442 3509 volueritis
1472 3433 1636 3508 licentium
1755 3467 1760 3480 ·

214 3569 252 3630 et
276 3565 462 3650 potestatem
487 3557 606 3628 abeatis
630 3557 703 3630 illos
726 3559 952 3632 abrenuntiare
983 3581 1059 3632 unm
1082 3561 1173 3632 omni
1195 3583 1253 3632 suo
1275 3559 1523 3643 melioratione:
1557 3568 1634 3630 tnn-

212 3683 357 3754 tumodo
380 3682 450 3774 ipse
473 3682 597 3753 molino
625 3683 687 3754 siet
717 3683 901 3756 conoiotuun
925 3689 958 3756 et
981 3691 1141 3780 armatum
1164 3681 1260 3777 quale
1283 3704 1451 3756 macomus
1483 3661 1580 3756 debes
1601 3689 1637 3762 et

191 3811 265 3896 ,sic
289 3809 382 3904 nobis
405 3809 499 3880 illum
522 3809 775 3884 abrenuntietis:
800 3809 879 3906 quia
902 3810 995 3882 nobis
1019 3807 1234 3904 complacuit:
1264 3809 1299 3882 si
1322 3819 1432 3881 tutem
1464 3809 1556 3880 aliter
1578 3810 1634 3882 se·-

206 3935 359 4006 cerimus
383 3933 422 4004 de
445 3935 497 4004 bis
521 3935 672 4008 omnibus
696 3937 882 4008 memoratis
905 3945 943 4006 ut
966 3959 1064 4028 super
1087 3936 1208 4028 legitur
1221 3959 1280 4028 per
1296 3935 1415 4029 quobis
1428 3936 1563 4006 modum
1578 3940 1633 4006 rut

203 4059 394 4138 summissis
417 4063 582 4153 personis:
611 4073 689 4133 tuno
712 4062 939 4156 componimus
962 4081 1022 4130 nos
1045 4071 1077 4130 et
1100 4062 1236 4153 posteris
1259 4059 1377 4131 nostris
1398 4069 1430 4132 et
1450 4071 1631 4134 memorato

203 4187 414 4262 monasterio
437 4188 529 4260 vobis
552 4189 729 4281 vestrisque
752 4187 926 4260 heredibus
949 4186 1019 4258 suri
1034 4184 1164 4260 solidos.
1179 4185 1350 4260 duodecim
1373 4187 1576 4284 bytbienteos
1597 4197 1631 4261 et

202 4319 277 4392 hec
302 4312 449 4386 chartula
471 4322 508 4384 ut
531 4335 628 4408 super
652 4312 773 4407 legitur
803 4313 845 4382 sit
873 4312 965 4384 firmo
989 4315 1108 4409 scripta
1129 4337 1188 4409 per
1212 4338 1327 4390 manus
1350 4316 1449 4412 sergii
1480 4315 1631 4410 primarii

199 4465 274 4536 per
299 4450 476 4512 memorata
499 4441 624 4514 decime
647 4435 868 4530 indictioness
883 4446 916 4510 et
937 4461 977 4510 oo
1000 4441 1171 4514 memorrti
1193 4462 1340 4516 summus
1355 4452 1393 4514 ut
1414 4449 1627 4516 memoratum

199 4557 325 4645 ortum
349 4579 386 4640 ut
409 4592 506 4665 super
529 4569 647 4662 legitur
672 4591 735 4640 nno
758 4589 834 4638 enm
858 4566 952 4662 equis
974 4567 1041 4640 suis
1064 4579 1097 4641 et
1119 4591 1268 4646 oursorns
1291 4592 1366 4647 suss
1389 4579 1520 4644 etcum
1541 4579 1627 4642 terro

194 4716 269 4768 rua
293 4714 335 4764 ex
359 4689 465 4786 ipsum
490 4693 648 4780 molinum
672 4690 865 4786 pertinentes
888 4697 921 4765 et
943 4691 1119 4766 urunturias
1143 4714 1216 4768 suas
1239 4702 1363 4796 etcum
1385 4693 1532 4768 innotus
1552 4715 1626 4772 tum
