4940 6518
1257 521 1284 570 ,¹
1416 489 1429 581 (
1453 495 1498 558 28
1524 485 1537 579 )

760 657 847 752 quod
872 655 900 728 si
925 677 984 726 nos
1008 653 1142 728 minime
1166 659 1323 724 antestare
1348 656 1381 728 et
1401 649 1567 720 defensare
1592 640 1795 714 voluerimus
1820 647 1877 712 aut
1900 639 1929 711 si
1953 663 2013 712 nos
2036 641 2101 738 ipsi
2124 649 2193 718 tor-

755 786 839 855 sitan
862 808 921 879 per
947 782 1064 879 quobis
1087 779 1219 877 ingenio
1242 761 1442 869 disrumpere
1464 794 1523 841 seu
1546 779 1676 842 tornare
1700 766 1918 864 quesierimus
1941 779 1999 840 aut
2021 770 2117 844 aliter
2132 797 2193 846 vo.

755 911 806 983 his
831 911 948 984 exinde
986 910 1100 982 tollere
1138 916 1195 978 aut
1226 903 1373 977 minuare
1402 896 1629 994 quiesierimus
1655 917 1718 991 ,per
1741 917 1947 992 quacumque
1972 899 2108 976 modurn
2131 915 2185 976 aut

756 1015 903 1135 quoh'vet
935 1039 1078 1133 ingenio.
1114 1034 1183 1106 siue
1213 1054 1272 1124 par
1298 1051 1358 1100 nos
1379 1035 1437 1098 aut
1458 1049 1517 1120 per
1539 1025 1699 1097 submissu
1723 1048 1742 1095 o
1766 1023 1861 1098 nobis
1885 1050 1905 1096 a
1932 1029 2027 1102 nobis
2050 1055 2188 1127 persona

655 1231 658 1239 .
758 1173 832 1235 ante
863 1163 977 1234 omnia
1008 1157 1136 1254 questio
1167 1162 1275 1258 nostra
1299 1150 1341 1223 sit
1369 1147 1474 1220 inanis
1496 1157 1529 1221 et
1551 1148 1661 1220 baeua.
1685 1158 1718 1222 et
1741 1149 1877 1243 obligati
1901 1152 2023 1226 siamus
2046 1179 2105 1229 nos
2128 1161 2188 1254 qui

757 1316 852 1384 supra
878 1289 1044 1361 nominato
1066 1279 1212 1356 meraldo
1234 1286 1268 1350 et
1297 1301 1395 1373 grass
1418 1289 1451 1350 et
1474 1277 1591 1350 nostris
1615 1275 1789 1352 heredibus
1811 1277 1905 1350 vobis
1928 1281 1988 1376 qui
2010 1303 2107 1376 supra
2131 1307 2190 1357 vo-

759 1408 909 1485 nerabilis
946 1407 1044 1478 abbas
1078 1415 1110 1476 et
1140 1405 1258 1479 uestris
1280 1403 1468 1498 posteribus
1491 1411 1524 1472 at
1546 1402 1807 1497 componendum
1835 1403 2071 1504 quinquaginta
2094 1406 2190 1480 solidi

759 1533 941 1610 costantini.
968 1543 1001 1602 et
1024 1532 1060 1602 in
1084 1537 1176 1600 antee
1201 1529 1359 1601 adversus
1388 1549 1446 1600 vos
1470 1528 1556 1600 taciti
1579 1538 1613 1600 et
1636 1529 1776 1600 contenti
1799 1549 1989 1622 permanere
2005 1529 2189 1604 deveamus.
2267 1517 2273 1530 ⁶

666 1645 669 1652 ¹
761 1671 793 1734 et
818 1661 1019 1756 quicumque
1043 1654 1144 1726 homo
1180 1654 1241 1726 ista
1265 1659 1352 1722 certa
1376 1650 1576 1747 disrumpere
1595 1663 1651 1725 aut
1666 1673 1837 1724 removere
1852 1651 2008 1748 quesierit
2021 1665 2055 1726 et
2070 1653 2112 1728 de
2126 1655 2190 1727 iam

762 1787 918 1884 prephato
940 1782 1075 1856 eeclesia
1106 1805 1162 1856 eos
1196 1783 1361 1856 subtraere
1385 1782 1527 1854 voluerit
1550 1804 1610 1877 per
1635 1800 1840 1878 quacumque
1863 1779 2008 1854 modum
2021 1791 2078 1856 aut
2099 1805 2190 1882 quo-

763 1915 843 1988 livet
864 1913 996 2008 ingenio
1019 1923 1178 2006 quantrrm
1201 1889 1390 2007 quantoque
1414 1909 1474 1982 ista
1496 1919 1583 1983 carta
1598 1910 1753 1984 continet
1770 1909 1885 1984 haveat
1900 1909 2069 1984 anathema
2084 1937 2104 1982 a
2121 1925 2190 1986 tre·
2316 1995 2318 2000 ,

765 2040 864 2112 centis
886 2040 997 2111 decem
1021 2048 1054 2108 et
1076 2045 1150 2108 ooto
1173 2045 1280 2131 patres
1303 2048 1337 2108 et
1367 2037 1406 2110 da
1431 2036 1547 2135 viginti
1569 2044 1723 2132 quattuor
1745 2040 1888 2112 seniores
1911 2061 1930 2108 e
1953 2039 1995 2111 da
2009 2038 2183 2114 duodecim

765 2166 912 2261 apostoli.
947 2173 980 2236 et
1020 2171 1175 2260 quattuor
1212 2163 1404 2260 evangeliste
1431 2174 1464 2239 et
1487 2163 1610 2238 haveat
1633 2173 1723 2260 parte
1746 2187 1822 2238 cum
1846 2165 1923 2238 iuda
1945 2163 2101 2239 traditore
2125 2167 2190 2238 do-

765 2293 847 2368 mini
869 2292 970 2364 nostri
993 2293 1086 2368 ihesu
1109 2291 1240 2374 christi,
1254 2301 1288 2362 et
1309 2292 1357 2362 sie
1380 2290 1551 2363 deeluetiat
1573 2313 1650 2364 eum
1674 2301 1759 2364 terra
1773 2291 1858 2366 sieut
1872 2289 2055 2366 deelnttivit
2069 2293 2186 2366 dathan

765 2430 798 2491 et
820 2405 944 2490 aviron.
968 2419 1198 2491 Verumtamen
1219 2417 1248 2488 si
1271 2417 1413 2522 namatio
1436 2415 1554 2488 exinde
1577 2427 1691 2490 exorta
1714 2419 1813 2490 suerit
1836 2443 1855 2488 a
1879 2419 1998 2514 quobis
2028 2429 2119 2515 parte
2148 2422 2189 2494 ti-

766 2547 868 2620 eentia
891 2545 1010 2619 aveatis
1033 2568 1093 2616 vos
1116 2546 1174 2638 qui
1197 2565 1294 2638 snpra
1317 2544 1416 2616 abbas
1438 2555 1471 2616 et
1493 2545 1609 2618 vestris
1630 2545 1768 2641 posteris
1791 2568 1869 2620 cum
1892 2545 1953 2618 ists
1967 2548 2093 2620 cartula
2107 2571 2186 2622 eau-

623 2727 636 2752 ,
765 2692 836 2742 aare
859 2671 929 2742 vioe
953 2679 1061 2744 nostra
1083 2693 1142 2742 seu
1165 2680 1197 2744 et
1220 2690 1297 2744 oum
1321 2668 1383 2740 alia
1406 2667 1576 2744 molimina
1598 2669 1688 2768 quod
1711 2670 1828 2746 exinde
1847 2681 1946 2744 terere
1962 2673 2132 2767 potueritis
2147 2685 2180 2760 et

766 2799 834 2891 ipsa
858 2799 954 2870 rebus
977 2797 1140 2870 defensare
1164 2797 1331 2894 quomodo
1353 2797 1464 2871 vulu‘s.
1488 2799 1531 2871 Et
1554 2807 1588 2870 te
1609 2797 1784 2894 stephanus
1807 2800 1979 2898 presbyter
1994 2809 2026 2872 et
2040 2801 2186 2874 notarius

621 2983 625 2988 .
770 2923 912 2997 seribere
936 2925 1061 3024 rogari.
1088 2926 1206 2997 Actum
1229 2923 1348 3019 palma.

863 3049 895 3143 †
916 3051 988 3145 Ego
1012 3050 1071 3147 qui
1093 3073 1190 3148 sopra
1213 3049 1313 3122 Cordi
1337 3047 1436 3125 iudex

855 3173 896 3289 *†
918 3173 991 3270 Ego
1015 3187 1131 3248 ornato.
