4896 6522
772 704 777 716 1
904 597 1047 691 (117)

895 881 1039 954 CCGVii.

338 1135 432 1226 †in
455 1133 587 1206 nomine
611 1133 733 1207 domini
757 1133 810 1203 dei
834 1135 999 1206 salvatoris
1025 1137 1127 1206 nostri
1151 1135 1245 1208 ihesu
1268 1134 1385 1207 Christi
1407 1135 1586 1227 imperante
1601 1133 1666 1204 do-
1758 1141 1819 1210 An.

242 1259 334 1330 mino
357 1265 470 1328 nostro
491 1257 606 1327 besilio
629 1279 747 1352 magno
769 1260 963 1352 imperatore
982 1281 1067 1329 onno
1084 1261 1352 1355 quinquagesimo
1371 1259 1526 1349 septimo:
1553 1259 1609 1326 sed
1632 1267 1664 1326 et
1744 1272 1851 1337 1017.

241 1383 445 1456 constentino
461 1405 580 1478 magno
595 1383 791 1479 imperatore
815 1387 915 1456 tratre
931 1385 1001 1454 eius
1015 1406 1100 1454 enno
1115 1385 1383 1479 quinquagesimo
1399 1393 1516 1479 quarto
1534 1383 1596 1454 Die
1611 1385 1668 1455 ri-

245 1511 364 1583 oesime
379 1511 484 1604 prime
498 1509 616 1580 mensis
632 1509 715 1579 iunii
729 1508 902 1579 indictione
921 1507 1157 1603 quintodecimo
1177 1511 1327 1601 neapoli:
1347 1511 1487 1604 Ideoque
1502 1535 1563 1604 ego
1576 1523 1667 1604 petro

245 1633 303 1728 qni
326 1633 516 1705 nominatur
536 1631 814 1724 paramitromeno
837 1627 906 1700 tilio
927 1629 1090 1725 qnondam
1113 1627 1236 1698 domini
1253 1629 1378 1698 morini.
1402 1633 1665 1724 recentemque

245 1759 379 1832 domino
401 1760 541 1832 martino
565 1755 747 1830 venerabili
770 1755 959 1851 presbytero
990 1761 1098 1826 eustos
1120 1777 1199 1825 vero
1214 1753 1346 1824 ecclesie
1361 1763 1546 1826 sanctorum
1560 1774 1667 1828 cosme

243 1893 279 1954 et
304 1885 447 1954 trmnni
472 1885 513 1955 de
536 1883 616 1955 vieo
638 1881 696 1976 qui
709 1891 845 1953 roratur
867 1879 1016 1974 posolnm
1039 1879 1096 1973 qui
1111 1888 1143 1949 et
1157 1877 1351 1950 ermentario
1366 1879 1492 1950 dieitur.
1509 1880 1548 1950 de
1564 1877 1666 1951 alter-

247 2005 374 2078 ootione
399 2027 465 2099 que
488 2005 575 2078 inter
597 2027 657 2076 nos
680 2004 863 2076 hobuimus
897 2011 1030 2098 propter
1052 1991 1209 2096 tinie'qoi
1232 2011 1280 2073 est
1302 2001 1387 2072 inter
1408 2011 1492 2072 terre
1514 2016 1586 2074 mes
1609 2007 1667 2100 qni

251 2143 297 2206 eet
318 2159 338 2205 a
361 2141 454 2228 parte
478 2132 715 2228 septentrionis.
751 2141 783 2202 et
807 2131 892 2201 inter
915 2123 1079 2200 terretur
1103 2129 1160 2222 qui
1185 2137 1232 2198 est
1255 2153 1273 2196 r
1296 2137 1387 2222 porte
1401 2117 1668 2225 mendosam

250 2261 310 2332 site
331 2279 411 2333 vero
434 2259 471 2331 in
494 2259 567 2334 ioco
590 2259 648 2354 qui
672 2267 806 2330 vocetur
829 2258 983 2350 soptitum
1002 2254 1041 2324 od
1055 2263 1201 2326 sanetum
1218 2252 1364 2329 sossitnn.
1390 2255 1475 2326 unde
1494 2265 1527 2326 te
1541 2257 1668 2352 quesibi

250 2388 385 2461 dicendo
417 2409 491 2482 pors
523 2409 609 2460 meo.
639 2395 677 2456 nt
708 2389 744 2457 tu'
773 2382 1005 2475 prebnricosset
1039 2381 1106 2478 ipso
1129 2383 1193 2452 tine
1216 2383 1275 2476 qni
1297 2382 1359 2452 trit
1380 2384 1463 2454 inter
1485 2397 1663 2457 memorate

256 2523 340 2582 terro
372 2537 443 2585 men
475 2521 507 2584 et
541 2517 625 2584 inter
648 2513 717 2606 ipso
741 2521 826 2584 terre
854 2521 909 2583 tus
931 2507 996 2580 hoe
1020 2517 1067 2579 est
1090 2529 1108 2574 o
1132 2508 1196 2578 fine
1229 2509 1269 2579 de
1292 2509 1432 2578 secundo
1456 2509 1590 2592 termine
1610 2511 1670 2604 qni

253 2645 302 2709 est
336 2637 429 2710 fietus
460 2665 478 2710 a
509 2649 603 2734 porte
636 2637 791 2711 horientis
828 2639 912 2709 inter
942 2633 1092 2705 iamdicto
1116 2608 1203 2705 terro
1229 2651 1300 2704 meo
1333 2641 1366 2704 et
1386 2631 1472 2704 inter
1494 2643 1671 2703 memorato

252 2771 337 2832 terra
362 2773 417 2832 tue
441 2770 473 2833 et
496 2763 637 2858 qualiter
660 2761 748 2834 hedit
773 2784 886 2858 usqne.
911 2761 952 2834 od
976 2758 1105 2830 tertium
1130 2756 1267 2830 termine
1289 2781 1354 2852 qne
1377 2765 1426 2827 est
1441 2755 1532 2826 fietus
1548 2779 1565 2826 e
1581 2767 1671 2852 parte

250 2887 450 2962 hoccidentis
468 2889 551 2963 iusta
569 2899 657 2961 terro
676 2890 799 2964 domini
814 2889 912 2985 sergii
928 2887 1060 2983 pruscie
1075 2887 1191 2960 enimn.
1219 2893 1251 2956 et
1265 2885 1425 2956 introisset
1440 2883 1526 2956 intus
1539 2904 1671 2958 merno-

255 3028 324 3091 roto
348 3027 436 3088 terra
461 3037 543 3092 meo.
569 3043 642 3114 pars
667 3027 775 3092 autem
803 3029 856 3089 tue
881 3015 1062 3090 hasserebot
1087 3027 1124 3089 nt
1148 3013 1237 3086 omni
1252 3023 1395 3109 tempore
1416 3013 1461 3084 sie
1476 3014 1585 3087 inisset
1600 3013 1673 3085 tinis

251 3141 333 3212 inter
356 3153 536 3214 memorata
561 3151 648 3211 terro
674 3163 746 3212 rnen
771 3142 829 3236 qni
853 3151 901 3212 est
924 3166 943 3209 o
967 3151 1059 3235 porte
1082 3137 1304 3234 septentrionis
1336 3112 1371 3210 et
1392 3138 1475 3211 inter
1497 3149 1673 3214 memorate

249 3275 339 3336 terra
356 3275 412 3336 tna
427 3267 576 3359 qni'ests
594 3275 685 3360 parte
699 3267 875 3339 meridiana
892 3267 1059 3364 quomodo
1084 3265 1203 3341 exfinrt
1217 3265 1301 3361 sepis
1316 3266 1373 3362 qni
1385 3265 1483 3338 modo
1495 3263 1614 3335 ibidem
1625 3272 1672 3334 est

255 3413 351 3463 sento
364 3401 398 3461 et
411 3415 511 3463 onum
524 3394 659 3465 termine
672 3415 737 3486 qne
748 3393 866 3467 ibidem
879 3395 1009 3466 fiximus
1023 3395 1107 3466 inter
1121 3404 1336 3466 memoratum
1350 3397 1525 3467 secundum
1537 3392 1672 3464 termine

259 3521 318 3613 qni
342 3527 395 3586 est
421 3518 512 3588 fictos
538 3542 555 3584 o
579 3529 667 3619 perte
700 3517 855 3591 horientis
886 3529 919 3589 et
942 3520 1027 3591 inter
1057 3528 1271 3590 memoratum
1299 3517 1430 3591 terti'om
1457 3519 1591 3591 termin'e
1613 3521 1671 3612 qni

253 3651 299 3711 est
322 3639 420 3710 fietus
446 3663 465 3708 a
488 3649 579 3733 parte
604 3638 798 3710 hoccidentis
813 3639 897 3710 iusta
915 3641 983 3734 ipso
1001 3647 1086 3710 terre
1102 3640 1272 3713 memorati
1287 3641 1408 3712 domini
1427 3642 1524 3737 sergii
1540 3641 1671 3737 groeeie

262 3765 379 3837 animo.
392 3775 424 3836 et
439 3767 486 3836 sio
501 3765 574 3836 illut
589 3777 686 3836 notor
701 3775 774 3838 tous
791 3775 823 3836 et
838 3774 875 3835 tn
893 3766 972 3839 illud
988 3768 1132 3840 tenuistis
1147 3775 1181 3840 et
1194 3762 1380 3840 dominsstis'
1395 3791 1452 3862 per
1463 3771 1671 3864 quadraginta

249 3913 373 3962 annos:
412 3903 444 3962 et
476 3891 554 3962 dom
595 3891 700 3962 taliter
737 3889 976 3964 altercassemus
1000 3889 1176 3962 iudicatum
1200 3900 1248 3961 est
1270 3890 1387 3961 exinde
1411 3891 1494 3959 inter
1517 3890 1611 3959 nohis
1633 3901 1670 3958 ut

258 4034 334 4106 pers
356 4019 411 4082 tuo
434 4011 517 4082 mihi
552 4011 688 4105 prebere
719 4021 954 4083 sacromentum
985 4021 1017 4082 et
1044 4012 1169 4082 dicente
1192 4009 1272 4081 miti
1295 4019 1332 4081 nt
1354 4009 1602 4104 omnitempore
1624 4012 1669 4082 sio

257 4137 370 4210 miset
394 4137 466 4208 finis
490 4136 574 4208 inter
597 4149 776 4210 memorato
801 4151 886 4208 terra
910 4162 982 4210 rnen
1006 4138 1064 4235 qui
1087 4149 1136 4211 est
1158 4163 1177 4208 e
1201 4147 1290 4232 perte
1306 4137 1526 4234 septentrionis
1539 4149 1572 4210 et
1586 4139 1669 4214 inter

253 4269 432 4334 memorato
456 4269 540 4330 terro
567 4269 623 4330 tuo
647 4262 706 4355 qni
730 4270 778 4329 est
801 4286 820 4330 a
843 4269 934 4354 parte
957 4265 1142 4339 meridiane.
1167 4261 1304 4362 qualiter
1327 4267 1394 4358 ipse
1409 4289 1483 4362 sepe
1497 4263 1554 4360 qoi
1570 4263 1667 4336 modo

252 4385 377 4461 ibidem
400 4395 448 4460 est
474 4397 506 4458 et
539 4396 735 4461 memoratus
759 4387 894 4460 termine
918 4388 976 4481 qni
1000 4389 1117 4461 ibidem
1141 4393 1270 4465 fiximus
1283 4394 1366 4464 inter
1379 4400 1594 4464 memoratum
1608 4417 1667 4462 se-

253 4517 396 4620 epndom
422 4525 455 4586 et
479 4515 610 4588 tertium
638 4515 777 4588 termine
801 4513 859 4608 qui
883 4513 1003 4587 ibidem
1026 4519 1065 4590 de
1089 4525 1180 4589 anteo
1202 4519 1292 4591 fictos
1314 4521 1442 4590 inerunt
1461 4519 1609 4590 exiinsnt.
1632 4526 1666 4584 et

252 4646 299 4716 sie
323 4642 390 4736 ipse
421 4650 516 4715 antor
539 4651 614 4714 tons
640 4651 673 4710 et
701 4633 738 4710 tu
761 4637 841 4712 illud
855 4638 1001 4711 tenuistis
1015 4648 1047 4710 et
1061 4638 1245 4713 dominostis
1259 4664 1316 4736 per
1331 4641 1537 4737 qnadraginta
1552 4661 1663 4712 onnes.

259 4795 322 4866 ego
345 4781 451 4844 antem
485 4791 603 4866 ponere
640 4768 698 4841 tibi
723 4771 838 4844 exinde
868 4769 1046 4844 securitate.
1077 4771 1225 4866 lIteoqne
1255 4779 1288 4842 et
1311 4770 1493 4864 impresenti
1512 4770 1664 4866 reoepio

251 4905 344 4993 porte
367 4908 421 4970 tue
444 4905 657 4970 memoratum
684 4904 917 4972 sacramentum
943 4897 1067 4973 dioente
1090 4897 1171 4970 mihi
1195 4905 1231 4970 ot
1253 4898 1400 4996 superios
1423 4897 1607 4976 hosseruisti
1630 4909 1662 4969 et
