4888 6528
708 699 712 708 '
764 705 854 782 tibus
878 735 937 806 per
961 719 1091 795 nullum
1115 728 1251 802 modum
1274 753 1335 807 nec
1351 757 1418 830 ¹per
1441 745 1629 820 summisso
1651 771 1811 845 personas
1833 767 2025 872 nullumque
2047 789 2197 869 etinven-

765 841 831 906 tam
855 840 1016 940 rationem
1040 869 1162 922 anone
1177 862 1210 923 et
1225 854 1260 927 in
1275 862 1441 954 perpetuis
1457 871 1676 962 temporibus:
1701 881 1836 982 insuper
1860 903 2080 990 promittimus
2097 922 2190 994 vobis

763 972 801 1032 ut
827 961 854 1032 si
878 967 995 1058 quobis
1020 979 1167 1066 tempore
1191 980 1312 1055 exieris
1335 986 1451 1080 qnebis
1473 1013 1628 1087 personas
1661 1009 1720 1101 qui
1745 1011 1805 1088 bos
1829 1024 1893 1094 ond

764 1093 820 1154 aut
851 1099 1034 1160 memorato
1067 1106 1178 1168 sancto
1210 1111 1319 1174 vestro
1347 1117 1545 1188 monisterio
1568 1121 1686 1200 exinde

764 1209 846 1280 meis
871 1212 1045 1288 heredibus
1070 1230 1149 1294 tunc
1172 1249 1235 1321 ego
1258 1237 1292 1302 et
1315 1230 1491 1314 heredibus
1514 1249 1597 1322 meis

764 1333 882 1406 exinde
918 1339 1058 1434 desuper
1089 1345 1204 1421 tollere
1236 1352 1412 1435 debeamus
1444 1367 1566 1466 ubsque
1590 1381 1680 1452 omni
1706 1401 1812 1465 vestra

762 1461 807 1530 ite
831 1463 926 1536 nohis
950 1470 1096 1561 placuit:
1133 1477 1168 1548 Si
1193 1492 1303 1556 eutem
1328 1509 1388 1563 uos
1401 1505 1469 1568 eut
1493 1498 1666 1582 heredibus
1689 1522 1809 1593 nostris

753 1585 808 1658 his
832 1595 985 1668 omnibus
1018 1608 1206 1680 memoretis
1240 1635 1300 1707 per
1332 1621 1449 1714 quohis
1482 1633 1618 1708 modum
1643 1652 1737 1716 ants

755 1718 983 1806 componimus
1007 1746 1066 1796 nos
1091 1739 1124 1798 et
1146 1730 1321 1812 heredibus
1345 1751 1466 1822 nostris
1490 1755 1583 1830 vohis

1918 1037 2052 1120 posteris
2076 1055 2190 1122 vestris
2228 1077 2252 1124 e

1710 1139 1868 1226 quesieris
1891 1169 1952 1241 per
1976 1179 2028 1230 me
2052 1181 2108 1238 aut
2130 1197 2187 1264 per

1827 1526 1925 1604 ,aliter
1948 1539 2120 1622 iecerunus
2143 1559 2181 1626 de

1738 1654 1905 1730 ummieees
1928 1686 2082 1758 personas
2105 1690 2179 1756 tuuc

1607 1769 1787 1867 vestrisque
1809 1790 1947 1871 posteris
1962 1800 2033 1868 euri
2060 1806 2178 1880 solidos

843 2345 875 2442 †
897 2358 988 2424 nro
1010 2362 1412 2456 nnnrorcomrorc
1433 2360 1497 2461 ᾖ
1518 2403 1653 2474 enom

842 2469 875 2561 †
897 2496 961 2569 ego
983 2483 1125 2558 stefanus
1148 2489 1234 2564 filius
1257 2496 1382 2576 domini
1405 2515 1520 2586 eessrii
1543 2523 1616 2593 testi
1638 2527 1811 2627 subscripsi
1836 2539 1868 2636 †

839 2600 872 2694 †
896 2623 959 2696 ego
981 2603 1137 2686 iohannes
1154 2619 1247 2694 'filins
1270 2627 1396 2706 domini
1419 2642 1519 2738 sergii
1543 2650 1615 2722 testi
1638 2653 1812 2755 subscripsi
1836 2667 1868 2762 †

838 2718 966 2820 †Ego
994 2736 1121 2831 sergitu
1152 2743 1330 2828 tribulium
1358 2758 1535 2859 ¹Conrpleri

1563 2783 1597 2846 et
1619 2777 1742 2858 absolvi
1773 2811 1833 2884 per
1865 2816 2036 2879 memorari
2066 2819 2158 2890 tertie

746 2845 920 2926 indictione
944 2852 975 2950 †

1630 1255 1725 1331 vobis
1748 1274 1930 1372 vestrisque
1953 1295 2091 1376 posteris
2114 1298 2186 1374 illos
2306 1268 2312 1279 ⁹
2435 1291 2436 1372 Ῠ

1836 1399 2085 1486 damnietatem:
2110 1429 2184 1518 quin
2297 1437 2300 1442 ’
