4888 6528
885 701 899 796 (
926 707 993 773 :15
1019 704 1032 796 )

362 1244 401 1317 ln
425 1245 558 1316 nomine
585 1242 710 1318 domini
730 1242 782 1316 dei
805 1239 973 1316 :ductoris
995 1239 1105 1314 nosci
1119 1241 1216 1316 lbesu
1233 1241 1372 1316 Christi:
1398 1243 1580 1338 Imperante
1604 1243 1669 1316 do-
1761 1263 1821 1333 gu,

192 1436 202 1446 „
239 1375 335 1448 mino
358 1379 471 1444 nostro
494 1370 697 1442 comtontirm
721 1390 842 1462 mrgno
865 1366 1062 1461 imwrntore
1079 1390 1164 1438 anno
1177 1372 1378 1461 sexagesimo
1393 1381 1514 1448 sexto:
1530 1370 1614 1443 die..
1628 1421 1636 1440 .
1650 1421 1674 1456 .,
1748 1397 1854 1459 1023,

251 1549 431 1578 ........
461 1501 581 1574 mensis
604 1497 786 1570 deoembrii·
806 1495 983 1566 indictione
1005 1495 1197 1568 duodecima
1215 1497 1367 1589 neapoli:
1393 1499 1525 1572 Certum
1549 1510 1597 1572 est
1614 1522 1667 1572 me
1759 1517 1764 1524 ·

243 1633 382 1705 iohanne
407 1631 465 1725 qui
490 1627 679 1700 nominatur
702 1623 868 1696 tertiatore
890 1619 960 1693 filiu
983 1620 1146 1714 quondam
1161 1670 1314 1695 .......
1387 1625 1426 1694 de
1450 1625 1662 1718 ponticulum.

243 1773 278 1834 et
302 1785 365 1857 ego
388 1758 488 1832 modo
512 1755 635 1828 abitare
657 1753 773 1826 viduor
797 1750 833 1823 iu
856 1747 932 1819 loco
954 1749 1173 1854 quiln'ocatur'
1195 1749 1507 1845 pumilionum-loris
1530 1775 1661 1830 arcum.

243 1893 275 1962 A
300 1886 443 1983 presenti
468 1884 520 1958 dic
544 1881 764 1980 promtissima
789 1879 967 1953 volumtate
990 1877 1264 1974 promittovobis
1289 1876 1590 1976 dominogregorio
1604 1903 1662 1952 vc-

242 2007 384 2086 nerebili
408 2010 565 2106 igumeno
590 2007 766 2082 monasteri
791 2015 979 2078 sauctorum
1003 2005 1102 2099 sergii
1126 2015 1160 2077 et
1181 2005 1299 2078 bachi:
1334 2007 1392 2101 qui
1415 2029 1502 2078 nuuc
1525 2030 1667 2104 congre-

241 2151 336 2238 gatus
374 2147 423 2210 est
455 2140 490 2210 iu
522 2133 722 2208 monasterio
756 2112 945 2206 sanctorum
977 2132 1126 2204 theodori
1159 2143 1192 2205 et
1215 2133 1383 2205 sebastiani
1407 2135 1466 2229 qui
1490 2135 1668 2230 adpellitur

238 2267 398 2361 cesepicta
421 2263 521 2336 situm
547 2259 582 2332 in
603 2255 810 2332 viridiarium
830 2241 864 2329 e't
879 2268 912 2328 ut
926 2269 1023 2330 cunta
1042 2267 1149 2331 vestm
1164 2258 1414 2352 congregatione
1432 2259 1666 2332 monachorum

239 2391 413 2468 memorati
437 2387 540 2460 suncti
563 2396 598 2456 et
621 2383 815 2455 uenerabilis
833 2385 934 2454 uestri
948 2387 1154 2456 monasterii:
1179 2395 1313 2479 propter
1336 2387 1500 2481 integrum
1515 2411 1665 2483 campum

241 2521 389 2590 bmtrum
412 2514 471 2612 qui
495 2521 634 2585 voeaou
656 2510 697 2582 ud
723 2508 954 2583 muscarellum
978 2510 1122 2602 positum
1145 2512 1180 2580 in
1205 2527 1388 2584 memorato
1412 2516 1485 2585 loco
1498 2517 1665 2609 pumilio-

242 2664 344 2716 num:
368 2663 432 2714 nna
458 2661 533 2714 cum
559 2641 702 2734 integras
726 2637 809 2710 dues
833 2635 1000 2709 iosersices
1023 2647 1145 2712 vestras
1168 2636 1292 2710 ibidem
1318 2639 1352 2710 in
1369 2639 1484 2709 lateras
1500 2643 1666 2715 coniuntas

238 2791 343 2840 uuum
368 2791 387 2837 a
410 2777 502 2863 parte
526 2765 706 2840 meridiane
721 2774 765 2836 et
789 2763 889 2836 ulium
914 2789 933 2834 a
956 2774 1048 2858 parte
1071 2737 1336 2860 septemtrionis}
1364 2765 1497 2837 insirrrul
1513 2788 1576 2838 unu
1593 2789 1668 2842 cum

239 2893 412 2966 arvoribus
435 2903 469 2964 et
503 2893 650 2964 introitus
672 2913 746 2963 suus
777 2901 810 2962 et
841 2892 998 2966 omnibus
1018 2891 1079 2968 sivi
1105 2891 1364 2990 pertinentibus:
1400 2893 1572 2966 coherente
1594 2898 1656 2970 sivi
1751 2951 1753 2954 -

243 3021 378 3094 insimul
402 3019 444 3093 ab
468 3043 536 3092 uno
559 3019 658 3094 latere
681 3028 773 3114 parte
799 3017 979 3091 meridiana
1005 3031 1054 3092 est
1078 3031 1163 3091 terra
1189 3020 1229 3090 de
1255 3019 1452 3094 omminibus
1467 3019 1507 3092 de
1526 3021 1659 3098 memo·

233 3157 311 3222 rato
343 3148 419 3222 loco
454 3146 693 3246 pumilionum:
723 3156 756 3218 et
792 3147 833 3220 de
868 3148 933 3220 alio
967 3149 1068 3223 latere
1096 3159 1189 3243 parte
1215 3149 1452 3245 septemtrionis
1475 3163 1523 3224 est
1546 3155 1666 3226 iturum

233 3287 327 3353 terre
351 3277 394 3352 de
416 3277 615 3352 omminibus
640 3277 681 3349 de
706 3287 886 3348 memorato
912 3275 984 3348 loco
1008 3279 1239 3373 pumilianum:
1263 3301 1355 3353 scum
1378 3289 1411 3355 et
1441 3290 1526 3354 terra
1549 3283 1590 3356 de
1605 3283 1653 3354 illi

237 3402 394 3478 munduli
417 3401 514 3475 sicuti
538 3403 624 3474 inter·
647 3423 682 3473 se
706 3401 853 3473 terminis
881 3402 1093 3474 efiaatude
1117 3428 1184 3476 uno
1207 3406 1310 3502 capite
1332 3420 1422 3502 parte
1451 3408 1585 3482 orientis
1603 3430 1666 3480 co-

236 3531 338 3602 herct
360 3537 450 3599 terre
476 3527 611 3600 heredes
634 3529 674 3598 de
697 3527 747 3598 illi
772 3527 868 3620 ipati:
897 3538 931 3599 et
954 3529 995 3599 de
1020 3529 1085 3601 alio
1108 3533 1213 3626 eapite
1228 3545 1319 3628 parte
1334 3537 1515 3608 occidentis
1533 3533 1581 3608 ¹est
1596 3536 1663 3609 ite.-

230 3675 312 3727 rum
336 3659 423 3724 terre
447 3653 488 3726 du
512 3651 575 3748 ipsi
600 3651 802 3724 omminibus
835 3652 876 3723 dc
908 3665 1091 3724 memorato
1119 3655 1193 3726 loco
1218 3657 1454 3751 pumilionum:
1480 3683 1561 3755 quos
1584 3681 1666 3730 vero

227 3789 458 3857 memoratum
480 3779 647 3875 integrum
672 3803 825 3875 eampum
848 3783 994 3858 bestmm
1022 3803 1098 3855 eum
1114 3795 1306 3860 memoratas
1330 3787 1494 3862 intersicas
1508 3791 1662 3862 suas-ibi-

227 3911 310 3982 dem
347 3906 519 3980 coniuntcs
547 3905 687 4000 qualiter
718 3909 868 4002 superius
900 3910 1020 4004 legitur
1052 3909 1135 3980 mibi
1161 3911 1311 4008 meisque
1335 3915 1505 3984 heredibus
1529 3911 1663 3988 dedistis

228 4033 269 4104 in
295 4028 429 4125 colligio
452 4039 488 4100 at
508 4029 723 4104 levoreudum
749 4042 783 4101 ct
806 4031 1017 4104 detinendum
1042 4032 1075 4102 iu
1100 4055 1139 4104 eo
1165 4041 1276 4104 tenete
1289 4045 1326 4105 ut
1342 4038 1416 4106 abto
1433 4045 1578 4128 ternpore
1593 4061 1657 4130 ego

233 4167 274 4233 et
301 4157 476 4232 heredibus
500 4160 582 4232 meis
607 4159 682 4233 illos
709 4182 791 4231 uene
816 4169 850 4228 et
873 4157 1046 4253 diligenter
1076 4157 1222 4270 lauorere
1246 4170 1279 4229 et
1301 4161 1447 4233 excolere
1471 4171 1504 4232 et
1525 4175 1558 4235 at
1578 4187 1658 4236 πιο-

238 4284 328 4359 liore
363 4281 487 4354 cultum
524 4280 701 4376 perducere
729 4277 902 4351 debeamus
933 4297 1009 4349 cum
1032 4279 1133 4351 vobes
1164 4291 1290 4352 nostros
1312 4291 1345 4354 et
1367 4285 1577 4360 conciatmias
1600 4291 1655 4364 vel

233 4411 369 4484 omnies
391 4391 547 4506 expensas
570 4405 778 4478 cancunines
801 4413 834 4475 et
856 4402 938 4475 vites
960 4399 1080 4474 ibidem
1105 4401 1193 4474 omni
1210 4387 1315 4478 ennue
1330 4429 1450 4502 ponere
1465 4421 1498 4479 et
1511 4411 1654 4505 plonmre

227 4534 412 4610 debemus
436 4533 494 4606 ubi
517 4547 686 4604 recemum
698 4529 799 4602 Tueris
819 4537 852 4600 et
866 4527 949 4599 sicut
963 4526 1083 4598 iustum
1098 4515 1210 4600 tueris:
1229 4541 1262 4601 et
1276 4533 1353 4627 ipsis
1368 4535 1492 4608 cruoris
1507 4545 1656 4630 trappare

218 4675 257 4736 et
283 4667 399 4759 potere
423 4671 457 4734 et
479 4661 697 4757 propaginum
728 4657 901 4730 debeamus
924 4658 1089 4753 quomodo
1122 4657 1244 4730 iustum
1281 4662 1378 4733 fuerit
1409 4672 1442 4735 et
1474 4664 1654 4736 merueris:

219 4804 258 4868 ct
285 4791 322 4864 in
347 4813 416 4865 uno
439 4789 545 4884 capite
570 4813 589 4860 a
611 4795 705 4884 perte
736 4789 776 4862 de
799 4793 976 4858 memoratu
998 4793 1085 4857 terre
1118 4787 1158 4859 de
1181 4792 1367 4862 memoratis
1389 4791 1585 4864 omninibus
1607 4793 1653 4867 de

218 4917 452 5016 pontiliacum
478 4917 576 4990 ubere
599 4913 726 4988 exinde
742 4911 915 4987 debeamus
939 4931 1043 4984 unum
1068 4915 1215 4986 modium
1230 4915 1269 4988 de
1285 4925 1369 4988 terra
1384 4931 1442 5014 per·
1458 4917 1540 5012 pessi
1557 4939 1654 4990 men·

215 5047 378 5119 meatum
400 5039 459 5115 ubi
483 5039 607 5114 esitus
629 5045 663 5111 ct
685 5034 827 5110 residere
850 5034 1024 5110 debeamus
1047 5049 1080 5110 et
1102 5061 1190 5112 cosm
1213 5047 1246 5110 et
1269 5063 1342 5112 areu
1366 5063 1458 5114 ceum
1481 5053 1594 5114 ouum
1615 5053 1650 5112 et
