4940 6518
895 525 1014 624 (n)

847 809 1040 884 cmxix

334 1063 365 1164 †
388 1063 488 1133 Anno
511 1059 750 1130 incarnationis
772 1060 934 1134 dominice
957 1062 1128 1135 millesimo
1150 1075 1276 1140 octavo.
1301 1069 1411 1142 blenee
1434 1073 1529 1148 lunio
1544 1076 1660 1148 Unde·
1754 1081 1815 1150 Ao.

236 1193 322 1264 rime
343 1189 533 1264 lndictione.
558 1188 632 1280 Ege
658 1189 825 1281 sansgualo
848 1189 1001 1262 dominus
1023 1190 1139 1284 planisi
1154 1195 1212 1284 qui
1227 1219 1299 1267 sum
1314 1222 1356 1270 ex
1379 1223 1498 1292 genere
1521 1225 1660 1276 norme-
1735 1217 1840 1277 1008.

236 1341 366 1392 nomm.
390 1314 539 1400 Quadam
562 1311 615 1384 die
638 1313 717 1384 dum
739 1315 914 1388 residerem
938 1319 1028 1432 intus
1050 1321 1085 1390 in
1108 1321 1255 1414 predicto
1278 1321 1410 1395 cestello
1439 1349 1514 1396 meo
1545 1331 1660 1422 planisi

237 1455 272 1515 ct
294 1445 438 1539 cogitare
461 1439 617 1532 cepissem
641 1441 728 1512 diem
751 1443 866 1512 mortis
891 1455 924 1514 et
947 1453 1096 1515 eternum
1120 1446 1289 1518 iudicium.
1313 1462 1347 1520 et
1362 1453 1506 1544 qualiter
1521 1455 1614 1549 impii
1630 1467 1662 1529 et

236 1583 425 1669 peccatores
453 1572 685 1645 cruciabuntur
708 1569 744 1640 in
767 1569 894 1641 inlerno
919 1579 952 1640 et
981 1571 1149 1664 quomodo
1178 1573 1255 1642 insti
1292 1575 1464 1668 fulgebunt
1492 1583 1526 1650 in
1558 1605 1661 1677 regno

236 1702 393 1774 celorum.
417 1711 450 1772 et
472 1701 609 1772 consilio
633 1707 766 1794 eccepto
789 1723 808 1768 a
831 1697 912 1770 viris
935 1699 1094 1793 religiosis
1117 1701 1207 1794 quod
1236 1701 1345 1772 nullus
1373 1702 1489 1774 melius
1513 1720 1595 1778 esset
1620 1706 1660 1779 ed

235 1824 466 1919 requirendam
490 1825 593 1897 ritem
616 1835 761 1896 eternam
785 1829 884 1916 quem
907 1823 936 1894 si
960 1823 1076 1917 aliquis
1099 1845 1160 1916 pro
1184 1825 1328 1896 remedio
1350 1825 1457 1895 enimc
1471 1849 1528 1898 sue
1544 1829 1584 1898 dc
1599 1855 1659 1902 re-
1767 1903 1772 1914 ,

233 1950 295 2022 bus
317 1946 384 2018 suis
407 1956 518 2018 sande
541 1948 678 2020 ecclesie
701 1948 835 2020 dederit
860 1949 959 2044 quod·
972 1969 1054 2021 vero
1079 1948 1252 2021 eonsilium
1268 1973 1331 2045 ego
1350 1951 1462 2024 bidens
1477 1969 1659 2048 congruum

234 2083 269 2148 et
291 2075 397 2146 anime
419 2095 491 2146 mee
516 2074 731 2146 salutiferum.
753 2074 881 2144 declaro
903 2095 958 2145 me
980 2074 1102 2146 babere
1126 2076 1288 2167 qnondam
1312 2084 1430 2150 terram
1454 2099 1518 2172 que
1541 2091 1588 2152 est
1601 2083 1659 2154 vi-

233 2197 309 2274 m'n'e
330 2201 465 2274 ecclesie
489 2201 577 2274 berti
600 2201 763 2296 petri-pro
779 2201 925 2274 remedio
941 2203 1048 2273 anime
1064 2223 1136 2274 mee
1159 2210 1192 2272 et
1215 2203 1363 2274 omnium
1379 2213 1549 2298 parentum
1565 2231 1659 2280 meo·

233 2355 312 2406 rum
335 2353 521 2426 congruum
544 2340 593 2402 est
615 2331 700 2402 mihi
723 2331 792 2425 ipsa
815 2338 903 2400 terra
925 2331 1053 2402 offerre.
1079 2330 1113 2401 in
1137 2327 1315 2404 benerabili
1339 2334 1534 2406 monasterio
1559 2339 1659 2408 saneti

232 2457 321 2552 petri
343 2455 492 2550 apostoli.
516 2455 607 2550 qnod
630 2455 805 2526 fundatum
825 2461 874 2525 est
896 2474 999 2546 prope
1022 2448 1064 2523 de
1086 2453 1255 2524 iamdicto
1284 2456 1415 2541 castello
1439 2457 1577 2549 planisii.
1603 2470 1660 2530 to-

142 2627 147 2638 ·
235 2589 308 2652 tem
333 2586 367 2651 et
391 2581 552 2672 integram
575 2579 679 2672 ipsam
695 2586 816 2650 terram
845 2577 958 2650 offero.
987 2575 1085 2646 dono.
1108 2578 1262 2647 concedo.
1286 2577 1393 2647 trado.
1419 2588 1452 2649 et
1474 2565 1602 2674 assigno
1626 2585 1661 2656 in

232 2706 382 2801 predicto
404 2706 601 2780 monasterio
632 2705 736 2777 sancti
758 2703 844 2798 petri
866 2705 902 2774 in
925 2701 1074 2775 menibus
1097 2703 1220 2774 domini
1247 2702 1362 2774 eberti
1386 2705 1578 2777 benernbilis
1603 2711 1661 2778 ab·

233 2831 329 2904 betis.
354 2833 389 2904 in
411 2829 574 2930 presentie
597 2829 678 2903 boni
701 2827 845 2902 bominis
867 2827 995 2900 indicis.
1018 2834 1051 2898 et
1073 2827 1193 2898 iollridi
1216 2835 1248 2898 et
1270 2828 1441 2924 guillielmi
1465 2837 1497 2901 et
1520 2829 1660 2904 alierum

232 2957 490 3052 subscriptorum
513 2957 656 3030 testium.
681 2977 741 3050 per
762 2952 847 3025 bane
869 2971 1002 3046 quoque
1018 2949 1168 3022 bidelieet
1183 2953 1338 3024 cartulam
1354 2955 1437 3026 iuste
1453 2929 1558 3049 legem
1576 2955 1660 3027 tradi

232 3093 269 3154 et
291 3086 463 3178 resignavi.
487 3085 561 3166 Que
584 3084 721 3176 quidem
746 3088 833 3152 terre
856 3079 1054 3150 circumdata
1077 3087 1126 3149 est
1148 3102 1208 3173 per
1230 3079 1290 3150 bos
1312 3080 1391 3172 fines
1423 3083 1547 3174 primus
1574 3082 1658 3155 finis.

232 3209 411 3301 incipiente
433 3207 474 3275 nb
499 3207 569 3298 ipsa
591 3207 645 3276 bia
668 3229 735 3298 que
766 3205 955 3276 nominetur
986 3205 1156 3276 trifolium.
1180 3215 1213 3276 et
1236 3205 1324 3276 bedit
1354 3230 1412 3300 per
1446 3207 1662 3278 celearoleet

237 3327 401 3400 deseendit
424 3327 459 3398 in
476 3327 568 3408 ¹bado
591 3329 631 3401 de
655 3329 762 3398 meula
789 3338 822 3398 et
844 3330 930 3400 sicut
961 3327 1127 3398 descendit
1147 3352 1206 3422 per
1230 3331 1337 3422 ipsum
1359 3323 1488 3400 ballone
1512 3341 1544 3400 ct
1568 3330 1659 3399 bndit

235 3459 274 3526 in
296 3456 393 3530 cinlo.
417 3463 450 3528 et
473 3456 607 3527 saliente
630 3479 692 3550 per
715 3457 787 3550 ipso
818 3455 906 3526 cinlo
937 3475 1040 3548 usqne
1063 3455 1098 3525 in
1121 3463 1226 3526 serato
1258 3457 1425 3528 maiorem.
1455 3466 1488 3526 et
1511 3457 1661 3528 beniente

232 3606 294 3678 per
316 3585 385 3676 ipsa
409 3590 513 3652 serato
539 3603 640 3674 usque
666 3582 707 3652 ed
732 3603 890 3675 quercum
914 3581 953 3652 de
977 3583 1187 3673 posatmium.
1212 3589 1244 3652 et
1266 3605 1325 3677 per
1357 3583 1492 3655 eandem
1520 3595 1660 3654 seratam

232 3712 325 3782 benit
348 3711 470 3790 inhia.
493 3717 526 3779 et
549 3707 736 3780 rebolbente
760 3731 818 3802 per
841 3709 909 3800 ipse
933 3708 988 3780 bia
1011 3709 1102 3780 benit
1118 3709 1152 3781 in
1167 3687 1418 3806 berragine'que
1432 3713 1562 3782 hiberni
1578 3721 1661 3783 tem-

233 3859 316 3930 pore
340 3857 423 3928 eque
455 3833 606 3904 decurrit.
640 3841 673 3904 et
696 3832 828 3904 saliente
852 3855 912 3926 per
934 3831 1006 3924 ipso
1030 3833 1201 3926 berrngine
1224 3859 1328 3927 usque
1351 3838 1393 3908 ed
1417 3859 1535 3906 nucem
1557 3836 1660 3906 sancti

231 3965 330 4058 petri.
354 3972 388 4034 et
410 3961 525 4034 deinde
549 3960 639 4032 benit
663 3961 699 4030 in
722 3959 851 4031 bollone
875 3961 915 4031 de
939 3961 1090 4032 cassellis.
1115 3969 1148 4030 et
1172 3963 1383 4032 descendente
1406 3987 1464 4056 per
1487 3964 1557 4055 ipso
1582 3962 1661 4030 bel-

229 4095 313 4166 lone
335 4093 371 4161 in
391 4090 447 4160 bie
470 4113 534 4183 que
558 4089 646 4160 bedit
670 4089 711 4158 ed
734 4089 901 4159 ecclesiam
924 4091 1026 4160 sancti
1050 4090 1211 4162 benedieti
1233 4097 1266 4160 et
1288 4089 1379 4160 benit
1391 4113 1449 4183 per
1465 4089 1533 4182 ipsa
1557 4087 1662 4158 binio

227 4219 348 4313 priore
372 4215 446 4286 tine.
469 4213 651 4307 Predietem
675 4233 754 4282 vero
779 4221 898 4282 terram
922 4215 1005 4284 sicut
1028 4215 1204 4307 prelegitur
1227 4221 1328 4284 totam
1353 4223 1386 4283 et
1400 4213 1560 4304 integram
1585 4233 1663 4282 eum

231 4347 384 4440 legitima
407 4341 540 4414 transita
565 4349 597 4408 et
619 4337 707 4410 exite
732 4359 801 4407 sne.
826 4361 903 4406 curn
925 4339 988 4407 biis
1011 4347 1043 4408 et
1066 4341 1182 4410 anditis
1206 4341 1283 4408 suis.
1302 4349 1381 4410 'cum
1397 4340 1487 4409 silvis
1502 4347 1535 4407 et
1551 4340 1659 4432 lignis.

233 4497 316 4546 eum
337 4471 437 4567 petris
461 4479 493 4541 et
516 4469 620 4562 aquis.
646 4489 724 4538 cum
747 4463 857 4534 herbis
872 4472 905 4533 et
919 4463 1053 4556 pascuis.
1070 4487 1146 4534 eum
1163 4464 1288 4535 cultum
1304 4474 1336 4536 et
1348 4466 1519 4536 incultum.
1536 4475 1662 4532 etcum

234 4597 349 4668 onmia
372 4595 456 4668 inbe
479 4613 514 4664 se
537 4591 676 4662 habente
700 4587 833 4658 liberem
858 4594 892 4654 et
914 4585 1094 4658 absolutam
1116 4593 1149 4656 et
1172 4587 1240 4658 sine
1263 4596 1390 4658 retentu
1405 4589 1515 4678 aliquo
1532 4585 1565 4654 in
1580 4607 1663 4678 pre-

132 4781 138 4791 .
237 4725 328 4794 dieto
349 4720 547 4791 monasterio
572 4716 744 4812 assignavi.
771 4713 812 4783 ed
836 4712 1021 4784 habendum
1045 4721 1077 4783 et
1100 4714 1328 4807 possidendum
1352 4715 1389 4782 in
1412 4720 1612 4806 perpetuum.
1630 4719 1663 4784 et

240 4847 285 4919 ad
307 4845 490 4930 laciendum
514 4845 554 4920 de
579 4868 617 4916 ea
643 4840 800 4938 quiequid
825 4841 930 4912 lacere
954 4839 1118 4912 boluerint
1140 4849 1279 4912 rectores
1302 4839 1439 4936 predicti
1473 4839 1661 4912 monasterii
