4896 6522
1409 549 1553 645 (rto)

702 766 705 772 ·
777 722 949 794 circuitum
971 717 1159 792 defendendi
1182 715 1291 787 omnis
1321 713 1411 785 etin
1434 709 1586 780 omnibus
1610 731 1741 803 queque
1766 709 1890 782 ibidem
1914 731 1975 804 per
2000 735 2110 786 annuo
2133 741 2198 788 ne..

771 867 898 920 cessum
920 843 1017 918 luerit
1040 851 1073 914 et
1094 841 1269 937 indiguerit
1293 859 1355 931 ego
1378 843 1411 904 et
1434 831 1569 904 heredes
1592 831 1674 901 meis
1691 831 1774 904 illud
1790 835 1896 906 tenere
1911 809 1945 906 et
1960 859 2114 934 peragere
2132 843 2196 914 de-

771 971 902 1044 beamus
926 982 958 1038 et
982 969 1071 1040 omni
1094 975 1204 1036 nostro
1229 959 1397 1056 expendio.
1421 970 1455 1031 et
1479 960 1710 1068 quodcumque
1728 959 1811 1032 mibi
1826 962 1988 1058 meisque:
2015 963 2191 1042 heredibus

769 1125 828 1191 per
852 1115 956 1166 annuo
981 1093 1059 1162 deus
1088 1091 1212 1164 dederis
1235 1087 1355 1158 ibidem
1379 1085 1415 1157 in
1430 1085 1789 1182 quolibet‘seminetum
1805 1111 1904 1184 super
1924 1113 1983 1162 nos
1997 1093 2090 1166 nobis
2109 1093 2192 1168 illud

769 1223 881 1292 tollere
915 1229 947 1288 et
980 1213 1098 1286 hebere
1130 1213 1311 1284 debeamus.
1346 1213 1433 1284 unde
1465 1211 1587 1282 nullam
1620 1220 1745 1305 partem
1775 1215 1868 1286 nobis
1892 1215 2011 1290 exinde
2036 1221 2189 1310 queram.

770 1353 876 1438 preter
898 1344 987 1414 omni
1011 1365 1119 1413 annuo
1142 1365 1201 1436 per
1224 1349 1327 1412 estete
1350 1363 1413 1436 ego
1435 1347 1470 1410 et
1497 1339 1630 1412 heredes
1647 1342 1728 1412 meis
1748 1345 1842 1416 vobis
1860 1346 2064 1441 posterisque
2080 1352 2196 1422 restris

771 1468 859 1541 etin
883 1474 1061 1540 memorato
1085 1473 1194 1538 vostro
1217 1465 1413 1537 monasterio
1436 1465 1513 1538 dore
1528 1461 1703 1534 debeam
1725 1467 1923 1538 terraticum.
1949 1467 2032 1538 ldest
2049 1469 2192 1544 triticum

773 1592 879 1662 modia
903 1597 1026 1682 septem
1050 1595 1083 1656 et
1106 1595 1238 1682 quartus
1262 1596 1385 1680 septem
1408 1595 1440 1656 et
1462 1585 1567 1658 medie
1591 1593 1624 1654 et
1648 1581 1711 1656 ulie
1733 1597 1855 1680 septem
1879 1589 1990 1662 modia
2013 1598 2047 1660 et
2063 1600 2192 1684 qusrtrs

772 1730 895 1814 septem
916 1724 949 1787 et
971 1715 1077 1788 medis
1100 1715 1197 1810 quale
1220 1714 1387 1785 volueritis
1410 1715 1523 1786 tollere
1546 1737 1605 1806 per
1629 1735 1738 1788 annuo
1753 1715 1820 1786 sibe
1838 1717 1975 1789 ordeum
1991 1718 2046 1790 vel
2061 1720 2195 1794 mileum

777 1843 907 1918 insimul
930 1844 1053 1914 bonum
1075 1843 1197 1912 siceum
1221 1849 1360 1911 tractum
1384 1852 1417 1913 et
1438 1851 1660 1914 mensuratum
1682 1865 1786 1936 usque
1802 1844 1889 1916 intus
1905 1845 1978 1938 ipso
1993 1846 2122 1918 esstello
2137 1849 2191 1918 rel

778 1981 811 2040 at
834 1973 929 2042 litum
953 1969 1051 2040 muris
1074 1991 1117 2039 ex
1142 1968 1212 2064 ipso
1236 1967 1364 2038 castello
1396 1971 1498 2061 gretie
1528 1979 1750 2042 menstrutum
1778 1981 1811 2078 et
1833 1971 1981 2044 modium
2003 1971 2125 2044 iustum
2149 1975 2190 2044 de
2237 1985 2241 1992 '

777 2093 1011 2165 comedendum
1033 2113 1133 2184 esque
1157 2090 1247 2160 omni
1270 2091 1549 2164 emersmtionem.
1574 2093 1689 2162 vinum
1703 2113 1784 2164 vero
1799 2101 1955 2186 quantum
1974 2095 2065 2166 omni
2080 2117 2190 2167 annuo

779 2223 899 2294 ibidem
923 2219 1002 2292 deus
1025 2218 1150 2290 dederis
1181 2227 1213 2287 et
1235 2219 1436 2310 pulmentum
1459 2229 1604 2290 vestrum
1626 2241 1668 2290 ex
1692 2220 1760 2314 ipso
1784 2219 1855 2291 loeo
1879 2218 2006 2314 trispidi
2031 2221 2194 2293 muudum

780 2352 814 2414 et
836 2362 1030 2436 seooepnnne
1052 2361 1111 2431 per
1133 2341 1302 2410 sexunoiss
1334 2339 1418 2412 inter
1441 2339 1533 2412 nobis
1556 2341 1697 2414 dividere
1720 2340 1892 2412 debemus
1916 2363 1975 2414 vos
2000 2351 2033 2413 et
2056 2343 2197 2436 posteris

780 2465 894 2538 vestris
917 2474 950 2534 et
973 2469 1151 2534 memorato
1175 2470 1282 2532 vestro
1307 2463 1504 2534 monasterio
1526 2463 1642 2538 exinde
1665 2461 1776 2536 tollere
1800 2463 1941 2536 debentis
1957 2465 2138 2539 medietate.
2162 2475 2198 2537 et

781 2616 843 2688 eqo
867 2601 900 2662 et
923 2589 1056 2662 beredes
1079 2587 1161 2661 meis
1185 2587 1247 2659 elie
1268 2588 1438 2662 medietate
1461 2589 1587 2662 exinde.
1611 2598 1719 2682 preter
1741 2571 1899 2686 quintum
1923 2613 2060 2684 grecum
2076 2591 2196 2666 ibidem

780 2742 840 2812 per
861 2739 968 2788 annuo
1002 2718 1081 2790 deus
1113 2713 1239 2792 dederis
1269 2735 1450 2810 supervos
1473 2717 1662 2795 vobisillud
1678 2716 1789 2789 tollere
1805 2727 1838 2790 et
1854 2717 2139 2792 intestatum.
2164 2727 2198 2792 et

782 2855 815 2916 at
837 2845 943 2916 vinem
967 2843 1080 2918 tollere
1103 2843 1277 2918 debeam
1300 2843 1341 2918 de
1365 2845 1531 2918 communi
1553 2867 1613 2939 pro
1636 2845 1744 2937 ipsum
1767 2867 1904 2940 meeum
1920 2844 2032 2918 binum
2054 2853 2198 2918 mustum

775 2967 942 3056 ,muudum
965 2967 1064 3043 olium
1088 2977 1221 3042 tantum
1244 2977 1293 3040 sot
1316 2989 1375 3040 nos
1395 2971 1465 3064 ipss
1482 2967 1725 3042 nebulonis
1739 2968 1795 3040 illn
1809 2969 2003 3043 bindemiue
2020 2969 2197 3043 debesmus

785 3106 819 3167 st
841 3105 987 3168 nostrum
1011 3094 1215 3190 expendium.
1239 3095 1354 3168 binum
1378 3119 1457 3168 vero
1480 3105 1514 3168 et
1535 3094 1710 3168 bibendum
1729 3107 1764 3168 nt
1782 3095 1859 3190 ipsis
1872 3096 2028 3192 operariis
2044 3097 2104 3192 qui
2117 3095 2198 3168 beu-
2250 3185 2253 3191 ¹

784 3223 973 3296 demiubsris
1007 3227 1048 3297 de
1079 3223 1245 3298 communi
1283 3221 1402 3296 exinde
1434 3221 1526 3296 exire
1557 3221 1676 3296 debers
1708 3224 1857 3336 portione
1889 3245 1968 3296 vero
1999 3230 2106 3296 vestre
2138 3224 2197 3316 qui

785 3350 1085 3454 sos-posterisque:
1111 3349 1225 3424 vestris
1245 3372 1288 3422 ex
1310 3351 1417 3446 ipsum
1441 3350 1556 3424 binum
1579 3351 1739 3423 mundum
1762 3361 1796 3424 et
1817 3373 2012 3446 sereepunnu
2035 3373 2093 3424 seu
2116 3373 2194 3444 gre-

760 3447 860 3548 ¹eum
883 3478 1001 3550 exinde
1024 3467 1167 3572 tetigerit
1189 3487 1226 3548 ut
1249 3497 1346 3574 super
1369 3480 1488 3574 legitur
1512 3503 1575 3573 eqo
1599 3488 1632 3551 et
1655 3479 1789 3553 heredes
1810 3479 1891 3550 meis
1925 3478 2017 3550 vobis
2040 3479 2199 3570 posteris-

786 3621 851 3692 que
874 3600 986 3670 uestris
1010 3599 1126 3670 exinde
1150 3599 1222 3672 illut
1245 3599 1372 3672 trabere
1395 3599 1569 3673 debeamus
1593 3625 1715 3696 usque:
1741 3610 1774 3670 st
1794 3601 1850 3674 ille
1874 3599 1982 3696 plegio
1999 3601 2040 3672 de
2053 3599 2201 3672 obserere

788 3724 901 3816 gratis.
930 3735 962 3796 et
985 3726 1052 3818 ipsu
1076 3725 1226 3820 portione
1249 3734 1355 3798 restra
1379 3747 1421 3796 ex
1445 3725 1554 3819 ipsum
1576 3723 1689 3798 binum
1712 3724 1870 3798 mundum
1891 3734 1924 3794 et
1945 3745 2143 3818 seoespsnne
2170 3733 2203 3796 ot

788 3873 921 3944 grecum
945 3875 1009 3948 ego
1033 3863 1065 3926 et
1088 3854 1223 3926 heredes
1246 3855 1326 3926 meis
1351 3854 1444 3926 vobis
1466 3855 1680 3947 posterisquer
1707 3853 1820 3926 uestris
1837 3852 1908 3930 illut
1924 3849 2113 3924 conserbure
2137 3852 2201 3923 de-

788 3977 921 4050 beamus
943 3981 977 4050 in
1002 3983 1149 4074 orgeneis
1173 3979 1289 4052 nostris
1313 3999 1417 4074 usque
1441 3979 1475 4052 in
1499 3977 1567 4048 dies
1590 3987 1664 4050 tres
1702 3985 1736 4048 et
1758 3977 1952 4074 quandoque
1976 3987 2120 4070 tempore
2144 3999 2200 4048 vos

787 4117 843 4182 sut
864 4113 1000 4202 posteris
1025 4111 1139 4192 uestris
1172 4109 1293 4180 ibidem
1317 4120 1350 4180 st
1373 4107 1627 4200 recolligendum
1659 4108 1841 4180 direxeritis
1864 4131 1922 4202 per
1941 4109 2014 4202 ipse
2036 4108 2197 4180 vindemie

787 4234 866 4304 dues
898 4257 1050 4325 personas
1082 4247 1204 4308 vestras
1236 4255 1298 4326 ego
1330 4245 1363 4306 et
1394 4235 1527 4308 heredes
1556 4237 1637 4308 meis
1660 4237 1802 4308 enutrire
1825 4234 1998 4308 debeamus
2023 4245 2058 4306 ut
2081 4235 2200 4308 iustum

784 4360 898 4431 fuerit.
924 4370 957 4428 et
980 4365 1069 4434 omni
1093 4372 1237 4455 tempore
1261 4384 1323 4456 ego
1346 4373 1380 4436 et
1402 4361 1537 4436 heredes
1561 4365 1655 4436 meis.
1681 4385 1745 4436 uns
1768 4383 1843 4434 oum
1866 4361 2033 4434 benedicto
2052 4371 2085 4432 et
2108 4369 2202 4454 petro

789 4493 822 4557 et
848 4503 924 4554 eum
947 4482 1029 4552 meri
1054 4494 1086 4558 et
1108 4483 1196 4554 bono
1220 4486 1381 4579 germanis
1396 4487 1590 4581 pertinueris
1608 4483 1723 4558 vestris
1740 4485 1800 4580 qui
1815 4493 1890 4556 sunt
1905 4483 1946 4556 de
1960 4481 2092 4554 castello
2107 4503 2201 4554 eum·

787 4631 884 4678 meno
907 4619 1038 4680 etcum
1061 4609 1192 4682 illorum
1215 4607 1387 4682 heredibus
1413 4609 1507 4682 abere
1531 4609 1704 4681 debeamus
1719 4609 1827 4700 ipsum
1842 4607 2040 4702 pulmentum
2056 4617 2200 4680 votnm

788 4732 942 4806 fravitum
966 4741 1001 4802 et
1021 4733 1254 4804 subscetorium
1277 4751 1372 4808 suum
1396 4739 1586 4824 coopertum
1610 4739 1642 4800 ot
1658 4737 1804 4802 nostrum
1820 4729 2025 4822 expendium.
2045 4735 2079 4798 et
2092 4726 2121 4804 si
2136 4725 2203 4796 sli-

791 4857 878 4954 quotl
902 4858 1168 4938 attrectandum
1192 4857 1340 4933 babuerit
1369 4857 1476 4948 ipsum
1508 4855 1706 4952 pulmentum
1734 4863 1766 4928 et
1789 4853 2025 4930 subsoetorium
2050 4876 2108 4928 vos
2131 4853 2205 4924 illut
