<?xml version="1.0" encoding="UTF-8"?>
<!DOCTYPE html PUBLIC "-//W3C//DTD XHTML 1.0 Transitional//EN"
    "http://www.w3.org/TR/xhtml1/DTD/xhtml1-transitional.dtd">
<html xmlns="http://www.w3.org/1999/xhtml" xml:lang="en" lang="en">
 <head>
  <title>
</title>
<meta http-equiv="Content-Type" content="text/html;charset=utf-8" />
  <meta name='ocr-system' content='tesseract 3.04.00' />
  <meta name='ocr-capabilities' content='ocr_page ocr_carea ocr_par ocr_line ocrx_word'/>
</head>
<body>
  <div class='ocr_page' id='page_1' title='image "./monumentaeditaa03napogoog_0164.png"; bbox 0 0 4896 6522; ppageno 0'>
   <div class='ocr_carea' id='block_1_1' title="bbox 1404 527 1545 623">
    <p class='ocr_par' dir='ltr' id='par_1_1' title="bbox 1404 527 1545 623">
     <span class='ocr_line' id='line_1_1' title="bbox 1404 527 1545 623; baseline -0.021 -22"><span class='ocrx_word' id='word_1_1' title='bbox 1404 527 1545 623; x_wconf 80' lang='lat' dir='ltr'><strong>(aaa)</strong></span> 
     </span>
    </p>
   </div>
   <div class='ocr_carea' id='block_1_2' title="bbox 647 681 2187 1408">
    <p class='ocr_par' dir='ltr' id='par_1_2' title="bbox 647 681 2187 1408">
     <span class='ocr_line' id='line_1_2' title="bbox 759 681 2187 782; baseline 0.006 -20"><span class='ocrx_word' id='word_1_2' title='bbox 759 689 908 766; x_wconf 74' lang='lat' dir='ltr'><strong>debuerit</strong></span> <span class='ocrx_word' id='word_1_3' title='bbox 934 691 1005 764; x_wconf 88' lang='lat' dir='ltr'><strong>eius</strong></span> <span class='ocrx_word' id='word_1_4' title='bbox 1027 689 1188 763; x_wconf 73' lang='lat' dir='ltr'>scariones</span> <span class='ocrx_word' id='word_1_5' title='bbox 1211 687 1318 782; x_wconf 86' lang='lat' dir='ltr'><strong>ipsum</strong></span> <span class='ocrx_word' id='word_1_6' title='bbox 1341 685 1511 782; x_wconf 86' lang='lat' dir='ltr'><strong>persolvat.</strong></span> <span class='ocrx_word' id='word_1_7' title='bbox 1534 681 1650 754; x_wconf 88' lang='lat' dir='ltr'><strong>Bestiis</strong></span> <span class='ocrx_word' id='word_1_8' title='bbox 1667 691 1872 778; x_wconf 78' lang='lat' dir='ltr'><strong>quoquest</strong></span> <span class='ocrx_word' id='word_1_9' title='bbox 1895 685 2064 762; x_wconf 87' lang='lat' dir='ltr'><strong>animaliis.</strong></span> <span class='ocrx_word' id='word_1_10' title='bbox 2088 693 2187 770; x_wconf 84' lang='lat' dir='ltr'><strong>simul</strong></span> 
     </span>
     <span class='ocr_line' id='line_1_3' title="bbox 758 801 2181 916; baseline -0.002 -24"><span class='ocrx_word' id='word_1_11' title='bbox 758 831 792 892; x_wconf 90' lang='lat' dir='ltr'><strong>et</strong></span> <span class='ocrx_word' id='word_1_12' title='bbox 823 818 958 916; x_wconf 78' lang='lat' dir='ltr'>peculiis</span> <span class='ocrx_word' id='word_1_13' title='bbox 987 815 1108 888; x_wconf 81' lang='lat' dir='ltr'><strong>iamfati</strong></span> <span class='ocrx_word' id='word_1_14' title='bbox 1140 809 1325 886; x_wconf 83' lang='lat' dir='ltr'><strong>monasterii</strong></span> <span class='ocrx_word' id='word_1_15' title='bbox 1354 813 1526 902; x_wconf 79' lang='lat' dir='ltr'><strong>potestates</strong></span> <span class='ocrx_word' id='word_1_16' title='bbox 1555 801 1697 875; x_wconf 88' lang='lat' dir='ltr'><strong>babeant</strong></span> <span class='ocrx_word' id='word_1_17' title='bbox 1728 825 1807 875; x_wconf 90' lang='lat' dir='ltr'><strong>cum</strong></span> <span class='ocrx_word' id='word_1_18' title='bbox 1839 809 2022 901; x_wconf 81' lang='lat' dir='ltr'><strong>pastoribus</strong></span> <span class='ocrx_word' id='word_1_19' title='bbox 2049 813 2181 890; x_wconf 91' lang='lat' dir='ltr'><strong>illorum</strong></span> 
     </span>
     <span class='ocr_line' id='line_1_4' title="bbox 761 929 2182 1040; baseline -0.001 -20"><span class='ocrx_word' id='word_1_20' title='bbox 761 949 861 1022; x_wconf 90' lang='lat' dir='ltr'><strong>simul</strong></span> <span class='ocrx_word' id='word_1_21' title='bbox 884 955 916 1020; x_wconf 89' lang='lat' dir='ltr'><strong>et</strong></span> <span class='ocrx_word' id='word_1_22' title='bbox 939 967 1055 1040; x_wconf 89' lang='lat' dir='ltr'><strong>porcos</strong></span> <span class='ocrx_word' id='word_1_23' title='bbox 1080 941 1209 1014; x_wconf 89' lang='lat' dir='ltr'><strong>andare.</strong></span> <span class='ocrx_word' id='word_1_24' title='bbox 1243 946 1276 1010; x_wconf 89' lang='lat' dir='ltr'><strong>et</strong></span> <span class='ocrx_word' id='word_1_25' title='bbox 1297 957 1414 1030; x_wconf 83' lang='lat' dir='ltr'><strong>pavere</strong></span> <span class='ocrx_word' id='word_1_26' title='bbox 1437 954 1497 1027; x_wconf 82' lang='lat' dir='ltr'><strong>per</strong></span> <span class='ocrx_word' id='word_1_27' title='bbox 1519 953 1632 1004; x_wconf 90' lang='lat' dir='ltr'><strong>omnes</strong></span> <span class='ocrx_word' id='word_1_28' title='bbox 1654 929 1761 1006; x_wconf 84' lang='lat' dir='ltr'><strong>silvas.</strong></span> <span class='ocrx_word' id='word_1_29' title='bbox 1791 941 1825 1005; x_wconf 90' lang='lat' dir='ltr'><strong>et</strong></span> <span class='ocrx_word' id='word_1_30' title='bbox 1846 955 1979 1029; x_wconf 75' lang='lat' dir='ltr'><strong>pascuas</strong></span> <span class='ocrx_word' id='word_1_31' title='bbox 2002 940 2043 1012; x_wconf 90' lang='lat' dir='ltr'><strong>de</strong></span> <span class='ocrx_word' id='word_1_32' title='bbox 2065 957 2182 1018; x_wconf 89' lang='lat' dir='ltr'><strong>cuncto</strong></span> 
     </span>
     <span class='ocr_line' id='line_1_5' title="bbox 647 1059 2180 1169; baseline -0.002 -27"><span class='ocrx_word' id='word_1_33' title='bbox 647 1153 650 1160; x_wconf 26' lang='lat'>ยน</span> <span class='ocrx_word' id='word_1_34' title='bbox 761 1075 942 1169; x_wconf 86' lang='lat' dir='ltr'><strong>principato</strong></span> <span class='ocrx_word' id='word_1_35' title='bbox 974 1077 1085 1140; x_wconf 87' lang='lat' dir='ltr'><strong>nostm</strong></span> <span class='ocrx_word' id='word_1_36' title='bbox 1115 1065 1310 1136; x_wconf 86' lang='lat' dir='ltr'><strong>salernitano</strong></span> <span class='ocrx_word' id='word_1_37' title='bbox 1341 1069 1375 1132; x_wconf 89' lang='lat' dir='ltr'><strong>et</strong></span> <span class='ocrx_word' id='word_1_38' title='bbox 1406 1059 1559 1132; x_wconf 87' lang='lat' dir='ltr'><strong>comitato</strong></span> <span class='ocrx_word' id='word_1_39' title='bbox 1589 1059 1737 1130; x_wconf 89' lang='lat' dir='ltr'><strong>comsino</strong></span> <span class='ocrx_word' id='word_1_40' title='bbox 1765 1061 1824 1156; x_wconf 88' lang='lat' dir='ltr'><strong>qui</strong></span> <span class='ocrx_word' id='word_1_41' title='bbox 1852 1071 1963 1136; x_wconf 89' lang='lat' dir='ltr'><strong>nostro</strong></span> <span class='ocrx_word' id='word_1_42' title='bbox 1986 1067 2180 1164; x_wconf 85' lang='lat' dir='ltr'><strong>principatui</strong></span> 
     </span>
     <span class='ocr_line' id='line_1_6' title="bbox 762 1180 2180 1282; baseline -0.003 -12"><span class='ocrx_word' id='word_1_43' title='bbox 762 1195 923 1270; x_wconf 86' lang='lat' dir='ltr'><strong>subiectus</strong></span> <span class='ocrx_word' id='word_1_44' title='bbox 945 1201 1004 1262; x_wconf 82' lang='lat' dir='ltr'><strong>cst.</strong></span> <span class='ocrx_word' id='word_1_45' title='bbox 1030 1200 1063 1262; x_wconf 88' lang='lat' dir='ltr'><strong>et</strong></span> <span class='ocrx_word' id='word_1_46' title='bbox 1084 1187 1192 1263; x_wconf 83' lang='lat' dir='ltr'><strong>nullus</strong></span> <span class='ocrx_word' id='word_1_47' title='bbox 1215 1183 1364 1256; x_wconf 89' lang='lat' dir='ltr'><strong>mortalis</strong></span> <span class='ocrx_word' id='word_1_48' title='bbox 1387 1181 1488 1254; x_wconf 87' lang='lat' dir='ltr'><strong>bomo</strong></span> <span class='ocrx_word' id='word_1_49' title='bbox 1512 1201 1609 1254; x_wconf 87' lang='lat' dir='ltr'><strong>ansus</strong></span> <span class='ocrx_word' id='word_1_50' title='bbox 1631 1180 1674 1252; x_wconf 88' lang='lat' dir='ltr'><strong>sit</strong></span> <span class='ocrx_word' id='word_1_51' title='bbox 1696 1205 1903 1281; x_wconf 82' lang='lat' dir='ltr'><strong>quacumque</strong></span> <span class='ocrx_word' id='word_1_52' title='bbox 1926 1187 1961 1258; x_wconf 89' lang='lat' dir='ltr'><strong>in</strong></span> <span class='ocrx_word' id='word_1_53' title='bbox 1976 1189 2052 1282; x_wconf 89' lang='lat' dir='ltr'><strong>ipsis</strong></span> <span class='ocrx_word' id='word_1_54' title='bbox 2074 1193 2180 1266; x_wconf 83' lang='lat' dir='ltr'><strong>facere</strong></span> 
     </span>
     <span class='ocr_line' id='line_1_7' title="bbox 759 1305 2184 1408; baseline -0.006 -14"><span class='ocrx_word' id='word_1_55' title='bbox 759 1319 1025 1396; x_wconf 75' lang='lat' dir='ltr'><strong>molestationem.</strong></span> <span class='ocrx_word' id='word_1_56' title='bbox 1057 1321 1107 1386; x_wconf 88' lang='lat' dir='ltr'><strong>set</strong></span> <span class='ocrx_word' id='word_1_57' title='bbox 1137 1335 1244 1408; x_wconf 89' lang='lat' dir='ltr'><strong>neque</strong></span> <span class='ocrx_word' id='word_1_58' title='bbox 1276 1308 1465 1382; x_wconf 84' lang='lat' dir='ltr'><strong>erbuticum.</strong></span> <span class='ocrx_word' id='word_1_59' title='bbox 1495 1329 1604 1403; x_wconf 78' lang='lat' dir='ltr'><strong>neque</strong></span> <span class='ocrx_word' id='word_1_60' title='bbox 1632 1305 1852 1401; x_wconf 75' lang='lat' dir='ltr'><strong>glandaticum</strong></span> <span class='ocrx_word' id='word_1_61' title='bbox 1875 1335 1983 1408; x_wconf 82' lang='lat' dir='ltr'><strong>neque</strong></span> <span class='ocrx_word' id='word_1_62' title='bbox 2006 1313 2096 1387; x_wconf 93' lang='lat' dir='ltr'><strong>nulla</strong></span> <span class='ocrx_word' id='word_1_63' title='bbox 2120 1318 2184 1390; x_wconf 83' lang='lat' dir='ltr'><strong>da-</strong></span> 
     </span>
    </p>
   </div>
   <div class='ocr_carea' id='block_1_3' title="bbox 763 1433 2182 1660">
    <p class='ocr_par' dir='ltr' id='par_1_3' title="bbox 763 1433 2182 1660">
     <span class='ocr_line' id='line_1_8' title="bbox 764 1433 2182 1534; baseline -0.003 -17"><span class='ocrx_word' id='word_1_64' title='bbox 764 1446 851 1517; x_wconf 87' lang='lat' dir='ltr'><strong>tione</strong></span> <span class='ocrx_word' id='word_1_65' title='bbox 873 1441 981 1515; x_wconf 77' lang='lat' dir='ltr'><strong>nullm</strong></span> <span class='ocrx_word' id='word_1_66' title='bbox 1004 1439 1122 1512; x_wconf 82' lang='lat' dir='ltr'><strong>exinde</strong></span> <span class='ocrx_word' id='word_1_67' title='bbox 1144 1436 1309 1508; x_wconf 89' lang='lat' dir='ltr'><strong>tollantur.</strong></span> <span class='ocrx_word' id='word_1_68' title='bbox 1335 1443 1369 1506; x_wconf 90' lang='lat' dir='ltr'><strong>et</strong></span> <span class='ocrx_word' id='word_1_69' title='bbox 1391 1433 1515 1530; x_wconf 78' lang='lat' dir='ltr'><strong>ubique</strong></span> <span class='ocrx_word' id='word_1_70' title='bbox 1538 1455 1599 1526; x_wconf 91' lang='lat' dir='ltr'><strong>pcr</strong></span> <span class='ocrx_word' id='word_1_71' title='bbox 1622 1442 1740 1504; x_wconf 85' lang='lat' dir='ltr'><strong>cuncto</strong></span> <span class='ocrx_word' id='word_1_72' title='bbox 1764 1444 1875 1507; x_wconf 91' lang='lat' dir='ltr'><strong>nostro</strong></span> <span class='ocrx_word' id='word_1_73' title='bbox 1899 1438 2090 1534; x_wconf 89' lang='lat' dir='ltr'><strong>principato.</strong></span> <span class='ocrx_word' id='word_1_74' title='bbox 2114 1443 2182 1514; x_wconf 80' lang='lat' dir='ltr'><strong>sira</strong></span> 
     </span>
     <span class='ocr_line' id='line_1_9' title="bbox 763 1555 2180 1660; baseline -0.004 -17"><span class='ocrx_word' id='word_1_75' title='bbox 763 1573 852 1642; x_wconf 89' lang='lat' dir='ltr'><strong>intus</strong></span> <span class='ocrx_word' id='word_1_76' title='bbox 874 1562 1058 1640; x_wconf 89' lang='lat' dir='ltr'><strong>civitatibus</strong></span> <span class='ocrx_word' id='word_1_77' title='bbox 1080 1559 1134 1630; x_wconf 81' lang='lat' dir='ltr'><strong>vel</strong></span> <span class='ocrx_word' id='word_1_78' title='bbox 1158 1558 1295 1631; x_wconf 77' lang='lat' dir='ltr'><strong>castellis</strong></span> <span class='ocrx_word' id='word_1_79' title='bbox 1318 1579 1376 1630; x_wconf 91' lang='lat' dir='ltr'><strong>seu</strong></span> <span class='ocrx_word' id='word_1_80' title='bbox 1400 1560 1487 1630; x_wconf 78' lang='lat' dir='ltr'><strong>toras</strong></span> <span class='ocrx_word' id='word_1_81' title='bbox 1510 1577 1584 1651; x_wconf 91' lang='lat' dir='ltr'><strong>pars</strong></span> <span class='ocrx_word' id='word_1_82' title='bbox 1605 1555 1742 1650; x_wconf 83' lang='lat' dir='ltr'><strong>predicti</strong></span> <span class='ocrx_word' id='word_1_83' title='bbox 1766 1561 1951 1632; x_wconf 84' lang='lat' dir='ltr'><strong>monasterii</strong></span> <span class='ocrx_word' id='word_1_84' title='bbox 1974 1585 2180 1660; x_wconf 86' lang='lat' dir='ltr'><strong>quacumque</strong></span> 
     </span>
    </p>
   </div>
   <div class='ocr_carea' id='block_1_4' title="bbox 764 1679 2182 1914">
    <p class='ocr_par' dir='ltr' id='par_1_4' title="bbox 764 1679 2182 1914">
     <span class='ocr_line' id='line_1_10' title="bbox 764 1679 2181 1782; baseline -0.006 -12"><span class='ocrx_word' id='word_1_85' title='bbox 764 1718 837 1770; x_wconf 82' lang='lat' dir='ltr'><strong>sem</strong></span> <span class='ocrx_word' id='word_1_86' title='bbox 859 1687 1095 1782; x_wconf 79' lang='lat' dir='ltr'><strong>comparaverit</strong></span> <span class='ocrx_word' id='word_1_87' title='bbox 1115 1684 1169 1758; x_wconf 82' lang='lat' dir='ltr'><strong>vel</strong></span> <span class='ocrx_word' id='word_1_88' title='bbox 1191 1681 1397 1757; x_wconf 82' lang='lat' dir='ltr'><strong>venumdarit</strong></span> <span class='ocrx_word' id='word_1_89' title='bbox 1420 1702 1488 1753; x_wconf 90' lang='lat' dir='ltr'><strong>non</strong></span> <span class='ocrx_word' id='word_1_90' title='bbox 1516 1679 1577 1751; x_wconf 92' lang='lat' dir='ltr'><strong>siat</strong></span> <span class='ocrx_word' id='word_1_91' title='bbox 1604 1679 1723 1752; x_wconf 85' lang='lat' dir='ltr'><strong>exinde</strong></span> <span class='ocrx_word' id='word_1_92' title='bbox 1750 1681 1870 1754; x_wconf 88' lang='lat' dir='ltr'><strong>tultum</strong></span> <span class='ocrx_word' id='word_1_93' title='bbox 1892 1683 2100 1779; x_wconf 78' lang='lat' dir='ltr'><strong>plateaticum</strong></span> <span class='ocrx_word' id='word_1_94' title='bbox 2123 1711 2181 1762; x_wconf 90' lang='lat' dir='ltr'><strong>nec</strong></span> 
     </span>
     <span class='ocr_line' id='line_1_11' title="bbox 767 1809 2182 1914; baseline -0.002 -24"><span class='ocrx_word' id='word_1_95' title='bbox 767 1820 808 1890; x_wconf 91' lang='lat' dir='ltr'><strong>ab</strong></span> <span class='ocrx_word' id='word_1_96' title='bbox 831 1819 939 1914; x_wconf 91' lang='lat' dir='ltr'><strong>ipsum</strong></span> <span class='ocrx_word' id='word_1_97' title='bbox 961 1815 1022 1910; x_wconf 90' lang='lat' dir='ltr'><strong>qui</strong></span> <span class='ocrx_word' id='word_1_98' title='bbox 1045 1811 1159 1884; x_wconf 91' lang='lat' dir='ltr'><strong>emerit</strong></span> <span class='ocrx_word' id='word_1_99' title='bbox 1182 1833 1243 1883; x_wconf 89' lang='lat' dir='ltr'><strong>nec</strong></span> <span class='ocrx_word' id='word_1_100' title='bbox 1265 1810 1307 1879; x_wconf 91' lang='lat' dir='ltr'><strong>ab</strong></span> <span class='ocrx_word' id='word_1_101' title='bbox 1328 1832 1369 1880; x_wconf 92' lang='lat' dir='ltr'><strong>eo</strong></span> <span class='ocrx_word' id='word_1_102' title='bbox 1391 1809 1450 1903; x_wconf 90' lang='lat' dir='ltr'><strong>qui</strong></span> <span class='ocrx_word' id='word_1_103' title='bbox 1477 1809 1729 1883; x_wconf 85' lang='lat' dir='ltr'><strong>venumdederit.</strong></span> <span class='ocrx_word' id='word_1_104' title='bbox 1744 1833 1952 1907; x_wconf 81' lang='lat' dir='ltr'><strong>quacumque</strong></span> <span class='ocrx_word' id='word_1_105' title='bbox 1974 1813 2062 1886; x_wconf 88' lang='lat' dir='ltr'><strong>enim</strong></span> <span class='ocrx_word' id='word_1_106' title='bbox 2084 1813 2182 1887; x_wconf 89' lang='lat' dir='ltr'><strong>bomo</strong></span> 
     </span>
    </p>
   </div>
   <div class='ocr_carea' id='block_1_5' title="bbox 767 1933 2183 2166">
    <p class='ocr_par' dir='ltr' id='par_1_5' title="bbox 767 1933 2183 2166">
     <span class='ocr_line' id='line_1_12' title="bbox 770 1933 2183 2039; baseline -0.008 -23"><span class='ocrx_word' id='word_1_107' title='bbox 770 1944 877 2039; x_wconf 87' lang='lat' dir='ltr'><strong>aliqua</strong></span> <span class='ocrx_word' id='word_1_108' title='bbox 909 1935 1124 2034; x_wconf 90' lang='lat' dir='ltr'><strong>compellatio.</strong></span> <span class='ocrx_word' id='word_1_109' title='bbox 1157 1936 1198 2008; x_wconf 93' lang='lat' dir='ltr'><strong>de</strong></span> <span class='ocrx_word' id='word_1_110' title='bbox 1230 1957 1434 2030; x_wconf 83' lang='lat' dir='ltr'><strong>quacumque</strong></span> <span class='ocrx_word' id='word_1_111' title='bbox 1465 1955 1536 2006; x_wconf 90' lang='lat' dir='ltr'><strong>rem</strong></span> <span class='ocrx_word' id='word_1_112' title='bbox 1569 1933 1721 2006; x_wconf 88' lang='lat' dir='ltr'><strong>adversus</strong></span> <span class='ocrx_word' id='word_1_113' title='bbox 1743 1957 1817 2028; x_wconf 90' lang='lat' dir='ltr'><strong>pars</strong></span> <span class='ocrx_word' id='word_1_114' title='bbox 1841 1937 1974 2030; x_wconf 87' lang='lat' dir='ltr'><strong>predicti</strong></span> <span class='ocrx_word' id='word_1_115' title='bbox 1999 1942 2183 2014; x_wconf 84' lang='lat' dir='ltr'><strong>monosterii</strong></span> 
     </span>
     <span class='ocr_line' id='line_1_13' title="bbox 767 2056 2183 2166; baseline -0.018 -24"><span class='ocrx_word' id='word_1_116' title='bbox 767 2066 978 2166; x_wconf 77' lang='lat' dir='ltr'><strong>preposuerit.</strong></span> <span class='ocrx_word' id='word_1_117' title='bbox 1002 2071 1035 2132; x_wconf 87' lang='lat' dir='ltr'><strong>ct</strong></span> <span class='ocrx_word' id='word_1_118' title='bbox 1058 2058 1199 2132; x_wconf 90' lang='lat' dir='ltr'><strong>noluerit</strong></span> <span class='ocrx_word' id='word_1_119' title='bbox 1221 2079 1295 2152; x_wconf 88' lang='lat' dir='ltr'><strong>pars</strong></span> <span class='ocrx_word' id='word_1_120' title='bbox 1317 2056 1455 2152; x_wconf 88' lang='lat' dir='ltr'><strong>predicti</strong></span> <span class='ocrx_word' id='word_1_121' title='bbox 1469 2058 1655 2130; x_wconf 88' lang='lat' dir='ltr'><strong>monasterii</strong></span> <span class='ocrx_word' id='word_1_122' title='bbox 1672 2059 1790 2130; x_wconf 85' lang='lat' dir='ltr'><strong>exinde</strong></span> <span class='ocrx_word' id='word_1_123' title='bbox 1813 2059 1854 2130; x_wconf 87' lang='lat' dir='ltr'><strong>ad</strong></span> <span class='ocrx_word' id='word_1_124' title='bbox 1875 2059 1980 2154; x_wconf 79' lang='lat' dir='ltr'><strong>legem</strong></span> <span class='ocrx_word' id='word_1_125' title='bbox 2002 2069 2095 2132; x_wconf 57' lang='lat' dir='ltr'><strong>aare,</strong></span> <span class='ocrx_word' id='word_1_126' title='bbox 2118 2065 2183 2137; x_wconf 59' lang='lat' dir='ltr'><strong>nisi</strong></span> 
     </span>
    </p>
   </div>
   <div class='ocr_carea' id='block_1_6' title="bbox 768 2185 2184 2544">
    <p class='ocr_par' dir='ltr' id='par_1_6' title="bbox 768 2185 2184 2544">
     <span class='ocr_line' id='line_1_14' title="bbox 769 2185 2182 2282; baseline -0.006 -13"><span class='ocrx_word' id='word_1_127' title='bbox 769 2199 805 2270; x_wconf 92' lang='lat' dir='ltr'><strong>in</strong></span> <span class='ocrx_word' id='word_1_128' title='bbox 828 2197 892 2268; x_wconf 91' lang='lat' dir='ltr'><strong>isto</strong></span> <span class='ocrx_word' id='word_1_129' title='bbox 915 2215 1007 2264; x_wconf 89' lang='lat' dir='ltr'><strong>sacro</strong></span> <span class='ocrx_word' id='word_1_130' title='bbox 1029 2199 1140 2262; x_wconf 89' lang='lat' dir='ltr'><strong>nostro</strong></span> <span class='ocrx_word' id='word_1_131' title='bbox 1162 2185 1292 2282; x_wconf 88' lang='lat' dir='ltr'><strong>palatio.</strong></span> <span class='ocrx_word' id='word_1_132' title='bbox 1318 2194 1392 2260; x_wconf 88' lang='lat' dir='ltr'><strong>ante</strong></span> <span class='ocrx_word' id='word_1_133' title='bbox 1415 2207 1475 2257; x_wconf 92' lang='lat' dir='ltr'><strong>nos</strong></span> <span class='ocrx_word' id='word_1_134' title='bbox 1506 2185 1559 2260; x_wconf 83' lang='lat' dir='ltr'><strong>vel</strong></span> <span class='ocrx_word' id='word_1_135' title='bbox 1587 2195 1660 2257; x_wconf 91' lang='lat' dir='ltr'><strong>ante</strong></span> <span class='ocrx_word' id='word_1_136' title='bbox 1690 2187 1849 2280; x_wconf 88' lang='lat' dir='ltr'><strong>principes</strong></span> <span class='ocrx_word' id='word_1_137' title='bbox 1878 2194 2021 2282; x_wconf 86' lang='lat' dir='ltr'><strong>posteros</strong></span> <span class='ocrx_word' id='word_1_138' title='bbox 2045 2199 2182 2263; x_wconf 70' lang='lat' dir='ltr'><strong>nosnos.</strong></span> 
     </span>
     <span class='ocr_line' id='line_1_15' title="bbox 768 2313 2184 2430; baseline -0.004 -34"><span class='ocrx_word' id='word_1_139' title='bbox 768 2346 837 2397; x_wconf 87' lang='lat' dir='ltr'><strong>non</strong></span> <span class='ocrx_word' id='word_1_140' title='bbox 867 2322 1075 2430; x_wconf 80' lang='lat' dir='ltr'><strong>imponantur</strong></span> <span class='ocrx_word' id='word_1_141' title='bbox 1103 2315 1160 2387; x_wconf 88' lang='lat' dir='ltr'><strong>bic</strong></span> <span class='ocrx_word' id='word_1_142' title='bbox 1192 2314 1345 2386; x_wconf 82' lang='lat' dir='ltr'><strong>virtutem</strong></span> <span class='ocrx_word' id='word_1_143' title='bbox 1367 2335 1428 2384; x_wconf 88' lang='lat' dir='ltr'><strong>nec</strong></span> <span class='ocrx_word' id='word_1_144' title='bbox 1450 2335 1527 2384; x_wconf 89' lang='lat' dir='ltr'><strong>enm</strong></span> <span class='ocrx_word' id='word_1_145' title='bbox 1558 2313 1633 2386; x_wconf 91' lang='lat' dir='ltr'><strong>inde</strong></span> <span class='ocrx_word' id='word_1_146' title='bbox 1660 2313 1876 2388; x_wconf 82' lang='lat' dir='ltr'><strong>molestantur.</strong></span> <span class='ocrx_word' id='word_1_147' title='bbox 1907 2320 1956 2385; x_wconf 88' lang='lat' dir='ltr'><strong>set</strong></span> <span class='ocrx_word' id='word_1_148' title='bbox 1976 2317 2106 2389; x_wconf 81' lang='lat' dir='ltr'><strong>saniant</strong></span> <span class='ocrx_word' id='word_1_149' title='bbox 2127 2320 2184 2391; x_wconf 89' lang='lat' dir='ltr'><strong>bic</strong></span> 
     </span>
     <span class='ocr_line' id='line_1_16' title="bbox 768 2439 2184 2544; baseline -0.004 -21"><span class='ocrx_word' id='word_1_150' title='bbox 768 2472 896 2544; x_wconf 88' lang='lat' dir='ltr'><strong>semper</strong></span> <span class='ocrx_word' id='word_1_151' title='bbox 918 2454 992 2517; x_wconf 89' lang='lat' dir='ltr'><strong>ante</strong></span> <span class='ocrx_word' id='word_1_152' title='bbox 1012 2443 1129 2516; x_wconf 90' lang='lat' dir='ltr'><strong>nostris</strong></span> <span class='ocrx_word' id='word_1_153' title='bbox 1159 2440 1211 2512; x_wconf 89' lang='lat' dir='ltr'><strong>vel</strong></span> <span class='ocrx_word' id='word_1_154' title='bbox 1236 2441 1276 2512; x_wconf 91' lang='lat' dir='ltr'><strong>de</strong></span> <span class='ocrx_word' id='word_1_155' title='bbox 1299 2439 1417 2510; x_wconf 89' lang='lat' dir='ltr'><strong>nostris</strong></span> <span class='ocrx_word' id='word_1_156' title='bbox 1439 2440 1575 2534; x_wconf 84' lang='lat' dir='ltr'><strong>posteris</strong></span> <span class='ocrx_word' id='word_1_157' title='bbox 1598 2441 1796 2536; x_wconf 88' lang='lat' dir='ltr'><strong>principibus</strong></span> <span class='ocrx_word' id='word_1_158' title='bbox 1809 2443 1989 2537; x_wconf 88' lang='lat' dir='ltr'><strong>presentiis.</strong></span> <span class='ocrx_word' id='word_1_159' title='bbox 2002 2454 2046 2516; x_wconf 83' lang='lat' dir='ltr'><strong>et</strong></span> <span class='ocrx_word' id='word_1_160' title='bbox 2068 2447 2184 2519; x_wconf 79' lang='lat' dir='ltr'><strong>iaciant</strong></span> 
     </span>
    </p>
   </div>
   <div class='ocr_carea' id='block_1_7' title="bbox 769 2565 2184 3305">
    <p class='ocr_par' dir='ltr' id='par_1_7' title="bbox 769 2565 2184 3305">
     <span class='ocr_line' id='line_1_17' title="bbox 770 2565 2184 2670; baseline -0.001 -20"><span class='ocrx_word' id='word_1_161' title='bbox 770 2579 811 2650; x_wconf 87' lang='lat' dir='ltr'><strong>ad</strong></span> <span class='ocrx_word' id='word_1_162' title='bbox 834 2575 939 2670; x_wconf 79' lang='lat' dir='ltr'><strong>legem</strong></span> <span class='ocrx_word' id='word_1_163' title='bbox 961 2570 1147 2642; x_wconf 90' lang='lat' dir='ltr'><strong>bominibus</strong></span> <span class='ocrx_word' id='word_1_164' title='bbox 1170 2577 1227 2640; x_wconf 90' lang='lat' dir='ltr'><strong>ant</strong></span> <span class='ocrx_word' id='word_1_165' title='bbox 1248 2565 1360 2638; x_wconf 86' lang='lat' dir='ltr'><strong>liberis</strong></span> <span class='ocrx_word' id='word_1_166' title='bbox 1382 2566 1440 2663; x_wconf 76' lang='lat' dir='ltr'><strong>qni</strong></span> <span class='ocrx_word' id='word_1_167' title='bbox 1463 2588 1506 2639; x_wconf 90' lang='lat' dir='ltr'><strong>ex</strong></span> <span class='ocrx_word' id='word_1_168' title='bbox 1529 2567 1625 2638; x_wconf 90' lang='lat' dir='ltr'><strong>rebus</strong></span> <span class='ocrx_word' id='word_1_169' title='bbox 1648 2567 1784 2662; x_wconf 85' lang='lat' dir='ltr'><strong>predicti</strong></span> <span class='ocrx_word' id='word_1_170' title='bbox 1800 2569 1987 2644; x_wconf 83' lang='lat' dir='ltr'><strong>monasterii</strong></span> <span class='ocrx_word' id='word_1_171' title='bbox 2012 2573 2184 2648; x_wconf 87' lang='lat' dir='ltr'><strong>residentes</strong></span> 
     </span>
     <span class='ocr_line' id='line_1_18' title="bbox 769 2691 2183 2793; baseline -0.006 -15"><span class='ocrx_word' id='word_1_172' title='bbox 769 2712 846 2778; x_wconf 92' lang='lat' dir='ltr'><strong>sunt</strong></span> <span class='ocrx_word' id='word_1_173' title='bbox 869 2709 925 2786; x_wconf 79' lang='lat' dir='ltr'><strong>eut</strong></span> <span class='ocrx_word' id='word_1_174' title='bbox 947 2695 1078 2772; x_wconf 81' lang='lat' dir='ltr'><strong>tuerint.</strong></span> <span class='ocrx_word' id='word_1_175' title='bbox 1103 2701 1136 2766; x_wconf 89' lang='lat' dir='ltr'><strong>et</strong></span> <span class='ocrx_word' id='word_1_176' title='bbox 1158 2691 1256 2764; x_wconf 90' lang='lat' dir='ltr'><strong>rebus</strong></span> <span class='ocrx_word' id='word_1_177' title='bbox 1277 2691 1410 2786; x_wconf 91' lang='lat' dir='ltr'><strong>propria</strong></span> <span class='ocrx_word' id='word_1_178' title='bbox 1432 2713 1499 2764; x_wconf 89' lang='lat' dir='ltr'><strong>nen</strong></span> <span class='ocrx_word' id='word_1_179' title='bbox 1521 2691 1704 2766; x_wconf 78' lang='lat' dir='ltr'><strong>babuerrmt</strong></span> <span class='ocrx_word' id='word_1_180' title='bbox 1732 2692 1785 2768; x_wconf 83' lang='lat' dir='ltr'><strong>vel</strong></span> <span class='ocrx_word' id='word_1_181' title='bbox 1801 2693 1975 2769; x_wconf 84' lang='lat' dir='ltr'><strong>habuerint</strong></span> <span class='ocrx_word' id='word_1_182' title='bbox 1997 2700 2128 2793; x_wconf 85' lang='lat' dir='ltr'><strong>qnando</strong></span> <span class='ocrx_word' id='word_1_183' title='bbox 2150 2701 2183 2770; x_wconf 96' lang='lat' dir='ltr'><strong>in</strong></span> 
     </span>
     <span class='ocr_line' id='line_1_19' title="bbox 769 2819 2182 2928; baseline -0.002 -27"><span class='ocrx_word' id='word_1_184' title='bbox 769 2833 848 2928; x_wconf 90' lang='lat' dir='ltr'><strong>ipsis</strong></span> <span class='ocrx_word' id='word_1_185' title='bbox 878 2827 975 2900; x_wconf 90' lang='lat' dir='ltr'><strong>rebns</strong></span> <span class='ocrx_word' id='word_1_186' title='bbox 1005 2823 1124 2919; x_wconf 81' lang='lat' dir='ltr'><strong>prelati</strong></span> <span class='ocrx_word' id='word_1_187' title='bbox 1155 2819 1343 2892; x_wconf 86' lang='lat' dir='ltr'><strong>monasterii</strong></span> <span class='ocrx_word' id='word_1_188' title='bbox 1374 2819 1578 2892; x_wconf 83' lang='lat' dir='ltr'><strong>introierunt.</strong></span> <span class='ocrx_word' id='word_1_189' title='bbox 1610 2821 1665 2896; x_wconf 79' lang='lat' dir='ltr'><strong>sel</strong></span> <span class='ocrx_word' id='word_1_190' title='bbox 1695 2822 1897 2897; x_wconf 83' lang='lat' dir='ltr'><strong>intraverint.</strong></span> <span class='ocrx_word' id='word_1_191' title='bbox 1923 2847 1987 2896; x_wconf 92' lang='lat' dir='ltr'><strong>non</strong></span> <span class='ocrx_word' id='word_1_192' title='bbox 2011 2825 2104 2896; x_wconf 89' lang='lat' dir='ltr'><strong>deant</strong></span> <span class='ocrx_word' id='word_1_193' title='bbox 2127 2837 2182 2899; x_wconf 86' lang='lat' dir='ltr'><strong>aut</strong></span> 
     </span>
     <span class='ocr_line' id='line_1_20' title="bbox 770 2945 2181 3052; baseline -0.005 -22"><span class='ocrx_word' id='word_1_194' title='bbox 770 2959 889 3030; x_wconf 84' lang='lat' dir='ltr'><strong>iaciant</strong></span> <span class='ocrx_word' id='word_1_195' title='bbox 911 2951 1114 3048; x_wconf 89' lang='lat' dir='ltr'><strong>inpartibus</strong></span> <span class='ocrx_word' id='word_1_196' title='bbox 1137 2959 1244 3022; x_wconf 75' lang='lat' dir='ltr'><strong>nosne</strong></span> <span class='ocrx_word' id='word_1_197' title='bbox 1259 2945 1452 3052; x_wconf 90' lang='lat' dir='ltr'><strong>reipublice</strong></span> <span class='ocrx_word' id='word_1_198' title='bbox 1469 2947 1596 3022; x_wconf 90' lang='lat' dir='ltr'><strong>nullum</strong></span> <span class='ocrx_word' id='word_1_199' title='bbox 1611 2949 1787 3024; x_wconf 82' lang='lat' dir='ltr'><strong>seruitium.</strong></span> <span class='ocrx_word' id='word_1_200' title='bbox 1813 2963 1870 3025; x_wconf 87' lang='lat' dir='ltr'><strong>aut</strong></span> <span class='ocrx_word' id='word_1_201' title='bbox 1892 2975 2035 3026; x_wconf 89' lang='lat' dir='ltr'><strong>censum.</strong></span> <span class='ocrx_word' id='word_1_202' title='bbox 2061 2964 2094 3024; x_wconf 91' lang='lat' dir='ltr'><strong>et</strong></span> <span class='ocrx_word' id='word_1_203' title='bbox 2117 2975 2181 3024; x_wconf 86' lang='lat' dir='ltr'><strong>an-</strong></span> 
     </span>
     <span class='ocr_line' id='line_1_21' title="bbox 770 3071 2180 3180; baseline -0.007 -26"><span class='ocrx_word' id='word_1_204' title='bbox 770 3083 871 3180; x_wconf 82' lang='lat' dir='ltr'><strong>garia.</strong></span> <span class='ocrx_word' id='word_1_205' title='bbox 895 3102 952 3152; x_wconf 89' lang='lat' dir='ltr'><strong>seu</strong></span> <span class='ocrx_word' id='word_1_206' title='bbox 976 3085 1091 3150; x_wconf 85' lang='lat' dir='ltr'><strong>cuncta</strong></span> <span class='ocrx_word' id='word_1_207' title='bbox 1113 3074 1255 3146; x_wconf 89' lang='lat' dir='ltr'><strong>servitia.</strong></span> <span class='ocrx_word' id='word_1_208' title='bbox 1281 3081 1314 3146; x_wconf 87' lang='lat' dir='ltr'><strong>et</strong></span> <span class='ocrx_word' id='word_1_209' title='bbox 1336 3071 1479 3168; x_wconf 79' lang='lat' dir='ltr'><strong>angaria.</strong></span> <span class='ocrx_word' id='word_1_210' title='bbox 1505 3079 1539 3142; x_wconf 91' lang='lat' dir='ltr'><strong>et</strong></span> <span class='ocrx_word' id='word_1_211' title='bbox 1561 3073 1712 3146; x_wconf 89' lang='lat' dir='ltr'><strong>dationes.</strong></span> <span class='ocrx_word' id='word_1_212' title='bbox 1736 3075 1826 3170; x_wconf 89' lang='lat' dir='ltr'><strong>qued</strong></span> <span class='ocrx_word' id='word_1_213' title='bbox 1841 3075 1876 3146; x_wconf 93' lang='lat' dir='ltr'><strong>in</strong></span> <span class='ocrx_word' id='word_1_214' title='bbox 1889 3075 2053 3170; x_wconf 88' lang='lat' dir='ltr'><strong>publicum</strong></span> <span class='ocrx_word' id='word_1_215' title='bbox 2067 3077 2180 3149; x_wconf 83' lang='lat' dir='ltr'><strong>faeere.</strong></span> 
     </span>
     <span class='ocr_line' id='line_1_22' title="bbox 770 3197 2183 3305; baseline -0.006 -24"><span class='ocrx_word' id='word_1_216' title='bbox 770 3217 804 3282; x_wconf 88' lang='lat' dir='ltr'><strong>et</strong></span> <span class='ocrx_word' id='word_1_217' title='bbox 819 3205 1002 3305; x_wconf 83' lang='lat' dir='ltr'><strong>persolvere</strong></span> <span class='ocrx_word' id='word_1_218' title='bbox 1018 3203 1195 3278; x_wconf 85' lang='lat' dir='ltr'><strong>debuerint</strong></span> <span class='ocrx_word' id='word_1_219' title='bbox 1220 3199 1256 3272; x_wconf 92' lang='lat' dir='ltr'><strong>in</strong></span> <span class='ocrx_word' id='word_1_220' title='bbox 1273 3201 1345 3295; x_wconf 90' lang='lat' dir='ltr'><strong>ipso</strong></span> <span class='ocrx_word' id='word_1_221' title='bbox 1360 3199 1557 3274; x_wconf 89' lang='lat' dir='ltr'><strong>monasterio</strong></span> <span class='ocrx_word' id='word_1_222' title='bbox 1572 3197 1654 3272; x_wconf 89' lang='lat' dir='ltr'><strong>illud</strong></span> <span class='ocrx_word' id='word_1_223' title='bbox 1670 3201 1775 3274; x_wconf 89' lang='lat' dir='ltr'><strong>deant.</strong></span> <span class='ocrx_word' id='word_1_224' title='bbox 1800 3201 1917 3274; x_wconf 83' lang='lat' dir='ltr'><strong>saeimt</strong></span> <span class='ocrx_word' id='word_1_225' title='bbox 1941 3211 1973 3276; x_wconf 89' lang='lat' dir='ltr'><strong>et</strong></span> <span class='ocrx_word' id='word_1_226' title='bbox 1995 3203 2183 3298; x_wconf 82' lang='lat' dir='ltr'><strong>persolvant.</strong></span> 
     </span>
    </p>
   </div>
   <div class='ocr_carea' id='block_1_8' title="bbox 766 3329 2183 4682">
    <p class='ocr_par' dir='ltr' id='par_1_8' title="bbox 766 3329 2183 4682">
     <span class='ocr_line' id='line_1_23' title="bbox 770 3329 2181 3432; baseline -0.011 -16"><span class='ocrx_word' id='word_1_227' title='bbox 770 3351 803 3416; x_wconf 88' lang='lat' dir='ltr'><strong>et</strong></span> <span class='ocrx_word' id='word_1_228' title='bbox 826 3341 916 3414; x_wconf 90' lang='lat' dir='ltr'><strong>nullo</strong></span> <span class='ocrx_word' id='word_1_229' title='bbox 938 3342 974 3412; x_wconf 89' lang='lat' dir='ltr'><strong>io</strong></span> <span class='ocrx_word' id='word_1_230' title='bbox 996 3347 1140 3432; x_wconf 86' lang='lat' dir='ltr'><strong>tempore</strong></span> <span class='ocrx_word' id='word_1_231' title='bbox 1163 3358 1237 3430; x_wconf 88' lang='lat' dir='ltr'><strong>pars</strong></span> <span class='ocrx_word' id='word_1_232' title='bbox 1259 3342 1370 3406; x_wconf 89' lang='lat' dir='ltr'><strong>nostre</strong></span> <span class='ocrx_word' id='word_1_233' title='bbox 1391 3333 1442 3404; x_wconf 90' lang='lat' dir='ltr'><strong>rei</strong></span> <span class='ocrx_word' id='word_1_234' title='bbox 1464 3331 1592 3428; x_wconf 89' lang='lat' dir='ltr'><strong>publice</strong></span> <span class='ocrx_word' id='word_1_235' title='bbox 1612 3329 1796 3426; x_wconf 88' lang='lat' dir='ltr'><strong>predictum</strong></span> <span class='ocrx_word' id='word_1_236' title='bbox 1817 3333 2048 3406; x_wconf 89' lang='lat' dir='ltr'><strong>monasterium</strong></span> <span class='ocrx_word' id='word_1_237' title='bbox 2070 3330 2121 3404; x_wconf 88' lang='lat' dir='ltr'><strong>vel</strong></span> <span class='ocrx_word' id='word_1_238' title='bbox 2144 3332 2181 3404; x_wconf 92' lang='lat' dir='ltr'><strong>de</strong></span> 
     </span>
     <span class='ocr_line' id='line_1_24' title="bbox 768 3459 2183 3558; baseline -0.008 -16"><span class='ocrx_word' id='word_1_239' title='bbox 768 3471 866 3541; x_wconf 89' lang='lat' dir='ltr'><strong>rebus</strong></span> <span class='ocrx_word' id='word_1_240' title='bbox 888 3468 958 3538; x_wconf 88' lang='lat' dir='ltr'><strong>eius</strong></span> <span class='ocrx_word' id='word_1_241' title='bbox 980 3465 1175 3558; x_wconf 84' lang='lat' dir='ltr'><strong>pertinentes</strong></span> <span class='ocrx_word' id='word_1_242' title='bbox 1207 3461 1402 3554; x_wconf 79' lang='lat' dir='ltr'><strong>cuicumque</strong></span> <span class='ocrx_word' id='word_1_243' title='bbox 1430 3460 1466 3530; x_wconf 95' lang='lat' dir='ltr'><strong>in</strong></span> <span class='ocrx_word' id='word_1_244' title='bbox 1493 3459 1686 3532; x_wconf 84' lang='lat' dir='ltr'><strong>beneficium</strong></span> <span class='ocrx_word' id='word_1_245' title='bbox 1717 3459 1798 3532; x_wconf 89' lang='lat' dir='ltr'><strong>deat.</strong></span> <span class='ocrx_word' id='word_1_246' title='bbox 1829 3482 1935 3555; x_wconf 81' lang='lat' dir='ltr'><strong>neque</strong></span> <span class='ocrx_word' id='word_1_247' title='bbox 1959 3459 2100 3552; x_wconf 85' lang='lat' dir='ltr'><strong>episcopi</strong></span> <span class='ocrx_word' id='word_1_248' title='bbox 2124 3481 2183 3531; x_wconf 89' lang='lat' dir='ltr'><strong>nec</strong></span> 
     </span>
     <span class='ocr_line' id='line_1_25' title="bbox 770 3583 2182 3683; baseline -0.006 -21"><span class='ocrx_word' id='word_1_249' title='bbox 770 3593 854 3664; x_wconf 88' lang='lat' dir='ltr'><strong>laice</strong></span> <span class='ocrx_word' id='word_1_250' title='bbox 875 3589 1032 3683; x_wconf 90' lang='lat' dir='ltr'><strong>personis.</strong></span> <span class='ocrx_word' id='word_1_251' title='bbox 1056 3597 1104 3660; x_wconf 90' lang='lat' dir='ltr'><strong>set</strong></span> <span class='ocrx_word' id='word_1_252' title='bbox 1126 3609 1253 3680; x_wconf 87' lang='lat' dir='ltr'><strong>semper</strong></span> <span class='ocrx_word' id='word_1_253' title='bbox 1284 3585 1424 3656; x_wconf 89' lang='lat' dir='ltr'><strong>liberum</strong></span> <span class='ocrx_word' id='word_1_254' title='bbox 1446 3585 1481 3656; x_wconf 93' lang='lat' dir='ltr'><strong>in</strong></span> <span class='ocrx_word' id='word_1_255' title='bbox 1503 3605 1565 3654; x_wconf 90' lang='lat' dir='ltr'><strong>sno</strong></span> <span class='ocrx_word' id='word_1_256' title='bbox 1586 3592 1771 3678; x_wconf 88' lang='lat' dir='ltr'><strong>permaneat</strong></span> <span class='ocrx_word' id='word_1_257' title='bbox 1801 3583 1923 3677; x_wconf 80' lang='lat' dir='ltr'><strong>vigore.</strong></span> <span class='ocrx_word' id='word_1_258' title='bbox 1947 3583 2036 3678; x_wconf 85' lang='lat' dir='ltr'><strong>quod</strong></span> <span class='ocrx_word' id='word_1_259' title='bbox 2058 3583 2086 3654; x_wconf 89' lang='lat' dir='ltr'><strong>si</strong></span> <span class='ocrx_word' id='word_1_260' title='bbox 2109 3588 2182 3655; x_wconf 81' lang='lat' dir='ltr'><strong>lor-</strong></span> 
     </span>
     <span class='ocr_line' id='line_1_26' title="bbox 771 3703 2182 3807; baseline -0.007 -21"><span class='ocrx_word' id='word_1_261' title='bbox 771 3715 869 3786; x_wconf 88' lang='lat' dir='ltr'><strong>sitans</strong></span> <span class='ocrx_word' id='word_1_262' title='bbox 891 3707 1089 3807; x_wconf 86' lang='lat' dir='ltr'><strong>quicumque</strong></span> <span class='ocrx_word' id='word_1_263' title='bbox 1112 3708 1213 3796; x_wconf 85' lang='lat' dir='ltr'><strong>bomo</strong></span> <span class='ocrx_word' id='word_1_264' title='bbox 1241 3727 1445 3802; x_wconf 88' lang='lat' dir='ltr'><strong>quacumque</strong></span> <span class='ocrx_word' id='word_1_265' title='bbox 1468 3707 1579 3778; x_wconf 82' lang='lat' dir='ltr'><strong>lecerit</strong></span> <span class='ocrx_word' id='word_1_266' title='bbox 1601 3705 1704 3800; x_wconf 78' lang='lat' dir='ltr'><strong>culpe.</strong></span> <span class='ocrx_word' id='word_1_267' title='bbox 1727 3713 1761 3776; x_wconf 89' lang='lat' dir='ltr'><strong>et</strong></span> <span class='ocrx_word' id='word_1_268' title='bbox 1783 3705 1819 3776; x_wconf 91' lang='lat' dir='ltr'><strong>in</strong></span> <span class='ocrx_word' id='word_1_269' title='bbox 1841 3703 1911 3799; x_wconf 85' lang='lat' dir='ltr'><strong>ipso</strong></span> <span class='ocrx_word' id='word_1_270' title='bbox 1934 3705 2128 3778; x_wconf 86' lang='lat' dir='ltr'><strong>monasterio</strong></span> <span class='ocrx_word' id='word_1_271' title='bbox 2148 3727 2182 3776; x_wconf 89' lang='lat' dir='ltr'><strong>se</strong></span> 
     </span>
     <span class='ocr_line' id='line_1_27' title="bbox 769 3832 2183 3934; baseline -0.008 -20"><span class='ocrx_word' id='word_1_272' title='bbox 769 3841 944 3914; x_wconf 87' lang='lat' dir='ltr'><strong>iactaverit.</strong></span> <span class='ocrx_word' id='word_1_273' title='bbox 968 3860 1073 3934; x_wconf 89' lang='lat' dir='ltr'><strong>nequa</strong></span> <span class='ocrx_word' id='word_1_274' title='bbox 1096 3859 1170 3931; x_wconf 91' lang='lat' dir='ltr'><strong>pars</strong></span> <span class='ocrx_word' id='word_1_275' title='bbox 1192 3844 1301 3908; x_wconf 90' lang='lat' dir='ltr'><strong>nostre</strong></span> <span class='ocrx_word' id='word_1_276' title='bbox 1324 3835 1373 3908; x_wconf 88' lang='lat' dir='ltr'><strong>rei</strong></span> <span class='ocrx_word' id='word_1_277' title='bbox 1396 3832 1533 3930; x_wconf 89' lang='lat' dir='ltr'><strong>publice</strong></span> <span class='ocrx_word' id='word_1_278' title='bbox 1554 3855 1661 3929; x_wconf 87' lang='lat' dir='ltr'><strong>neque</strong></span> <span class='ocrx_word' id='word_1_279' title='bbox 1684 3833 1792 3906; x_wconf 89' lang='lat' dir='ltr'><strong>nullus</strong></span> <span class='ocrx_word' id='word_1_280' title='bbox 1816 3834 1942 3928; x_wconf 90' lang='lat' dir='ltr'><strong>penitus</strong></span> <span class='ocrx_word' id='word_1_281' title='bbox 1960 3834 2060 3906; x_wconf 89' lang='lat' dir='ltr'><strong>bomo</strong></span> <span class='ocrx_word' id='word_1_282' title='bbox 2076 3833 2183 3926; x_wconf 87' lang='lat' dir='ltr'><strong>ipsum</strong></span> 
     </span>
     <span class='ocr_line' id='line_1_28' title="bbox 768 3957 2182 4056; baseline -0.008 -18"><span class='ocrx_word' id='word_1_283' title='bbox 768 3965 885 4038; x_wconf 80' lang='lat' dir='ltr'><strong>exinde</strong></span> <span class='ocrx_word' id='word_1_284' title='bbox 910 3983 968 4056; x_wconf 86' lang='lat' dir='ltr'><strong>per</strong></span> <span class='ocrx_word' id='word_1_285' title='bbox 991 3962 1059 4034; x_wconf 81' lang='lat' dir='ltr'><strong>vim</strong></span> <span class='ocrx_word' id='word_1_286' title='bbox 1082 3960 1229 4032; x_wconf 73' lang='lat' dir='ltr'><strong>monast.</strong></span> <span class='ocrx_word' id='word_1_287' title='bbox 1252 3958 1287 4031; x_wconf 89' lang='lat' dir='ltr'><strong>Si</strong></span> <span class='ocrx_word' id='word_1_288' title='bbox 1310 3958 1399 4030; x_wconf 89' lang='lat' dir='ltr'><strong>enim</strong></span> <span class='ocrx_word' id='word_1_289' title='bbox 1414 3978 1618 4054; x_wconf 85' lang='lat' dir='ltr'><strong>quacumque</strong></span> <span class='ocrx_word' id='word_1_290' title='bbox 1633 3978 1712 4051; x_wconf 77' lang='lat' dir='ltr'><strong>gens</strong></span> <span class='ocrx_word' id='word_1_291' title='bbox 1735 3957 1878 4053; x_wconf 87' lang='lat' dir='ltr'><strong>quelibet</strong></span> <span class='ocrx_word' id='word_1_292' title='bbox 1894 3958 1966 4030; x_wconf 89' lang='lat' dir='ltr'><strong>rixa</strong></span> <span class='ocrx_word' id='word_1_293' title='bbox 1981 3979 2058 4030; x_wconf 90' lang='lat' dir='ltr'><strong>cum</strong></span> <span class='ocrx_word' id='word_1_294' title='bbox 2074 3965 2182 4028; x_wconf 88' lang='lat' dir='ltr'><strong>nostre</strong></span> 
     </span>
     <span class='ocr_line' id='line_1_29' title="bbox 766 4067 2179 4187; baseline -0.009 -23"><span class='ocrx_word' id='word_1_295' title='bbox 766 4093 950 4187; x_wconf 88' lang='lat' dir='ltr'><strong>principatu</strong></span> <span class='ocrx_word' id='word_1_296' title='bbox 980 4088 1035 4162; x_wconf 85' lang='lat' dir='ltr'><strong>vel</strong></span> <span class='ocrx_word' id='word_1_297' title='bbox 1058 4110 1134 4160; x_wconf 91' lang='lat' dir='ltr'><strong>cnm</strong></span> <span class='ocrx_word' id='word_1_298' title='bbox 1156 4087 1309 4160; x_wconf 89' lang='lat' dir='ltr'><strong>iamdicto</strong></span> <span class='ocrx_word' id='word_1_299' title='bbox 1341 4093 1454 4158; x_wconf 90' lang='lat' dir='ltr'><strong>nostro</strong></span> <span class='ocrx_word' id='word_1_300' title='bbox 1485 4081 1630 4156; x_wconf 87' lang='lat' dir='ltr'><strong>subiecto</strong></span> <span class='ocrx_word' id='word_1_301' title='bbox 1653 4067 1813 4157; x_wconf 54' lang='lat' dir='ltr'><strong>&#39;comitatu</strong></span> <span class='ocrx_word' id='word_1_302' title='bbox 1844 4085 1988 4158; x_wconf 89' lang='lat' dir='ltr'><strong>comsino</strong></span> <span class='ocrx_word' id='word_1_303' title='bbox 2021 4081 2179 4156; x_wconf 89' lang='lat' dir='ltr'><strong>babuerit.</strong></span> 
     </span>
     <span class='ocr_line' id='line_1_30' title="bbox 767 4203 2181 4304; baseline -0.006 -21"><span class='ocrx_word' id='word_1_304' title='bbox 767 4223 801 4285; x_wconf 91' lang='lat' dir='ltr'><strong>et</strong></span> <span class='ocrx_word' id='word_1_305' title='bbox 831 4235 906 4304; x_wconf 85' lang='lat' dir='ltr'><strong>pars</strong></span> <span class='ocrx_word' id='word_1_306' title='bbox 929 4209 1066 4304; x_wconf 90' lang='lat' dir='ltr'><strong>predicti</strong></span> <span class='ocrx_word' id='word_1_307' title='bbox 1088 4205 1275 4280; x_wconf 85' lang='lat' dir='ltr'><strong>monasterii</strong></span> <span class='ocrx_word' id='word_1_308' title='bbox 1297 4203 1441 4298; x_wconf 88' lang='lat' dir='ltr'><strong>potuerit</strong></span> <span class='ocrx_word' id='word_1_309' title='bbox 1471 4223 1506 4276; x_wconf 90' lang='lat' dir='ltr'><strong>se</strong></span> <span class='ocrx_word' id='word_1_310' title='bbox 1528 4225 1604 4276; x_wconf 90' lang='lat' dir='ltr'><strong>cum</strong></span> <span class='ocrx_word' id='word_1_311' title='bbox 1630 4225 1708 4298; x_wconf 79' lang='lat' dir='ltr'><strong>gens</strong></span> <span class='ocrx_word' id='word_1_312' title='bbox 1730 4205 1799 4299; x_wconf 89' lang='lat' dir='ltr'><strong>ipsa</strong></span> <span class='ocrx_word' id='word_1_313' title='bbox 1821 4206 1991 4302; x_wconf 87' lang='lat' dir='ltr'><strong>pacificare</strong></span> <span class='ocrx_word' id='word_1_314' title='bbox 2014 4212 2181 4300; x_wconf 88' lang='lat' dir='ltr'><strong>potestates</strong></span> 
     </span>
     <span class='ocr_line' id='line_1_31' title="bbox 766 4330 2182 4430; baseline -0.008 -18"><span class='ocrx_word' id='word_1_315' title='bbox 766 4339 913 4412; x_wconf 84' lang='lat' dir='ltr'><strong>habeant</strong></span> <span class='ocrx_word' id='word_1_316' title='bbox 938 4335 985 4406; x_wconf 89' lang='lat' dir='ltr'><strong>sic</strong></span> <span class='ocrx_word' id='word_1_317' title='bbox 1012 4345 1122 4407; x_wconf 88' lang='lat' dir='ltr'><strong>tamen</strong></span> <span class='ocrx_word' id='word_1_318' title='bbox 1144 4343 1182 4404; x_wconf 90' lang='lat' dir='ltr'><strong>ut</strong></span> <span class='ocrx_word' id='word_1_319' title='bbox 1203 4353 1330 4426; x_wconf 87' lang='lat' dir='ltr'><strong>semper</strong></span> <span class='ocrx_word' id='word_1_320' title='bbox 1355 4330 1396 4403; x_wconf 88' lang='lat' dir='ltr'><strong>ad</strong></span> <span class='ocrx_word' id='word_1_321' title='bbox 1418 4338 1571 4406; x_wconf 88' lang='lat' dir='ltr'><strong>nostram</strong></span> <span class='ocrx_word' id='word_1_322' title='bbox 1592 4341 1628 4405; x_wconf 89' lang='lat' dir='ltr'><strong>et</strong></span> <span class='ocrx_word' id='word_1_323' title='bbox 1642 4333 1682 4407; x_wconf 92' lang='lat' dir='ltr'><strong>de</strong></span> <span class='ocrx_word' id='word_1_324' title='bbox 1696 4334 1814 4406; x_wconf 88' lang='lat' dir='ltr'><strong>nostris</strong></span> <span class='ocrx_word' id='word_1_325' title='bbox 1836 4335 1971 4430; x_wconf 90' lang='lat' dir='ltr'><strong>posteris</strong></span> <span class='ocrx_word' id='word_1_326' title='bbox 1986 4331 2182 4428; x_wconf 85' lang='lat' dir='ltr'><strong>principibus</strong></span> 
     </span>
     <span class='ocr_line' id='line_1_32' title="bbox 766 4457 2180 4557; baseline -0.004 -22"><span class='ocrx_word' id='word_1_327' title='bbox 766 4463 939 4557; x_wconf 87' lang='lat' dir='ltr'><strong>persistant</strong></span> <span class='ocrx_word' id='word_1_328' title='bbox 962 4459 1158 4532; x_wconf 85' lang='lat' dir='ltr'><strong>fidelitatem.</strong></span> <span class='ocrx_word' id='word_1_329' title='bbox 1181 4481 1281 4555; x_wconf 85' lang='lat' dir='ltr'><strong>quarn</strong></span> <span class='ocrx_word' id='word_1_330' title='bbox 1304 4459 1403 4532; x_wconf 88' lang='lat' dir='ltr'><strong>etiam</strong></span> <span class='ocrx_word' id='word_1_331' title='bbox 1425 4457 1545 4554; x_wconf 88' lang='lat' dir='ltr'><strong>placuit</strong></span> <span class='ocrx_word' id='word_1_332' title='bbox 1576 4459 1685 4553; x_wconf 89' lang='lat' dir='ltr'><strong>pietati</strong></span> <span class='ocrx_word' id='word_1_333' title='bbox 1709 4469 1827 4534; x_wconf 85' lang='lat' dir='ltr'><strong>nostre</strong></span> <span class='ocrx_word' id='word_1_334' title='bbox 1852 4471 1885 4533; x_wconf 89' lang='lat' dir='ltr'><strong>et</strong></span> <span class='ocrx_word' id='word_1_335' title='bbox 1908 4461 2122 4534; x_wconf 84' lang='lat' dir='ltr'><strong>concessimus</strong></span> <span class='ocrx_word' id='word_1_336' title='bbox 2145 4459 2180 4529; x_wconf 92' lang='lat' dir='ltr'><strong>in</strong></span> 
     </span>
     <span class='ocr_line' id='line_1_33' title="bbox 766 4583 2179 4682; baseline -0.002 -24"><span class='ocrx_word' id='word_1_337' title='bbox 766 4588 880 4660; x_wconf 90' lang='lat' dir='ltr'><strong>codem</strong></span> <span class='ocrx_word' id='word_1_338' title='bbox 903 4585 1109 4660; x_wconf 86' lang='lat' dir='ltr'><strong>monasterio.</strong></span> <span class='ocrx_word' id='word_1_339' title='bbox 1135 4594 1173 4658; x_wconf 93' lang='lat' dir='ltr'><strong>ut</strong></span> <span class='ocrx_word' id='word_1_340' title='bbox 1195 4585 1325 4682; x_wconf 87' lang='lat' dir='ltr'><strong>quando</strong></span> <span class='ocrx_word' id='word_1_341' title='bbox 1348 4585 1444 4660; x_wconf 86' lang='lat' dir='ltr'><strong>abbas</strong></span> <span class='ocrx_word' id='word_1_342' title='bbox 1463 4583 1516 4666; x_wconf 77' lang='lat' dir='ltr'><strong>sel</strong></span> <span class='ocrx_word' id='word_1_343' title='bbox 1531 4584 1710 4659; x_wconf 89' lang='lat' dir='ltr'><strong>monaebus</strong></span> <span class='ocrx_word' id='word_1_344' title='bbox 1733 4586 1808 4658; x_wconf 90' lang='lat' dir='ltr'><strong>inde</strong></span> <span class='ocrx_word' id='word_1_345' title='bbox 1831 4588 1866 4660; x_wconf 95' lang='lat' dir='ltr'><strong>in</strong></span> <span class='ocrx_word' id='word_1_346' title='bbox 1888 4587 1971 4658; x_wconf 91' lang='lat' dir='ltr'><strong>banc</strong></span> <span class='ocrx_word' id='word_1_347' title='bbox 1984 4586 2100 4659; x_wconf 83' lang='lat' dir='ltr'><strong>urbam</strong></span> <span class='ocrx_word' id='word_1_348' title='bbox 2121 4607 2179 4656; x_wconf 90' lang='lat' dir='ltr'><strong>saฮ</strong></span> 
     </span>
    </p>
   </div>
   <div class='ocr_carea' id='block_1_9' title="bbox 497 4705 2182 4802">
    <p class='ocr_par' dir='ltr' id='par_1_9' title="bbox 497 4705 2182 4802">
     <span class='ocr_line' id='line_1_34' title="bbox 497 4705 2182 4802; baseline -0.003 -20"><span class='ocrx_word' id='word_1_349' title='bbox 497 4751 500 4758; x_wconf 95' lang='lat'><em>ฮ</em></span> <span class='ocrx_word' id='word_1_350' title='bbox 608 4733 609 4736; x_wconf 65' lang='grc'>โ</span> <span class='ocrx_word' id='word_1_351' title='bbox 766 4711 925 4782; x_wconf 87' lang='lat' dir='ltr'><strong>lernitana</strong></span> <span class='ocrx_word' id='word_1_352' title='bbox 948 4708 1116 4784; x_wconf 84' lang='lat' dir='ltr'><strong>advenerit</strong></span> <span class='ocrx_word' id='word_1_353' title='bbox 1131 4753 1543 4781; x_wconf 81' lang='lat'><strong>..................</strong></span> <span class='ocrx_word' id='word_1_354' title='bbox 1571 4705 1726 4778; x_wconf 84' lang='lat' dir='ltr'><strong>lacinmtrs</strong></span> <span class='ocrx_word' id='word_1_355' title='bbox 1749 4707 1881 4780; x_wconf 91' lang='lat' dir='ltr'><strong>illorum</strong></span> <span class='ocrx_word' id='word_1_356' title='bbox 1904 4708 1981 4780; x_wconf 85' lang='lat' dir='ltr'><strong>dare</strong></span> <span class='ocrx_word' id='word_1_357' title='bbox 2005 4707 2182 4802; x_wconf 76' lang='lat' dir='ltr'><strong>alipergum</strong></span> 
     </span>
    </p>
   </div>
   <div class='ocr_carea' id='block_1_10' title="bbox 764 4813 2181 4912">
    <p class='ocr_par' dir='ltr' id='par_1_10' title="bbox 764 4813 2181 4912">
     <span class='ocr_line' id='line_1_35' title="bbox 764 4813 2181 4912; baseline -0.001 -8"><span class='ocrx_word' id='word_1_358' title='bbox 764 4843 797 4904; x_wconf 90' lang='lat' dir='ltr'><strong>ct</strong></span> <span class='ocrx_word' id='word_1_359' title='bbox 821 4835 1026 4912; x_wconf 83' lang='lat' dir='ltr'><strong>reiectionem</strong></span> <span class='ocrx_word' id='word_1_360' title='bbox 1050 4833 1189 4909; x_wconf 88' lang='lat' dir='ltr'><strong>illorum.</strong></span> <span class='ocrx_word' id='word_1_361' title='bbox 1212 4839 1246 4903; x_wconf 90' lang='lat' dir='ltr'><strong>et</strong></span> <span class='ocrx_word' id='word_1_362' title='bbox 1268 4829 1310 4905; x_wconf 90' lang='lat' dir='ltr'><strong>ad</strong></span> <span class='ocrx_word' id='word_1_363' title='bbox 1333 4813 1491 4904; x_wconf 78' lang='lat' dir='ltr'><strong>enlmtllis</strong></span> <span class='ocrx_word' id='word_1_364' title='bbox 1514 4825 1647 4910; x_wconf 88' lang='lat' dir='ltr'><strong>illorum</strong></span> <span class='ocrx_word' id='word_1_365' title='bbox 1668 4837 1707 4902; x_wconf 91' lang='lat' dir='ltr'><strong>ut</strong></span> <span class='ocrx_word' id='word_1_366' title='bbox 1720 4827 1940 4911; x_wconf 82' lang='lat' dir='ltr'><strong>sufficiatillis.</strong></span> <span class='ocrx_word' id='word_1_367' title='bbox 1966 4829 2032 4902; x_wconf 87' lang='lat' dir='ltr'><strong>Seu</strong></span> <span class='ocrx_word' id='word_1_368' title='bbox 2048 4838 2081 4900; x_wconf 90' lang='lat' dir='ltr'><strong>et</strong></span> <span class='ocrx_word' id='word_1_369' title='bbox 2096 4849 2181 4902; x_wconf 90' lang='lat' dir='ltr'><strong>conฮ-</strong></span> 
     </span>
    </p>
   </div>
   <div class='ocr_carea' id='block_1_11' title="bbox 0 0 2452 6516">
    <p class='ocr_par' dir='ltr' id='par_1_11' title="bbox 0 0 2452 6516">
     <span class='ocr_line' id='line_1_36' title="bbox 0 0 2452 6516; baseline 0 0"><span class='ocrx_word' id='word_1_370' title='bbox 0 0 2452 6516; x_wconf 95' lang='lat' dir='ltr'><strong> </strong></span> 
     </span>
    </p>
   </div>
  </div>
 </body>
</html>
