4882 6534
1409 535 1551 633 (ato)

774 702 875 776 matta
897 721 955 774 sen
978 701 1135 774 uasere
1157 697 1325 795 quomodo
1347 689 1506 783 merueris
1529 697 1562 760 et
1585 697 1622 760 nt
1644 688 1770 762 instnm
1794 691 1922 766 diens:
1942 701 1976 767 et
1991 697 2059 792 ipsa
2077 705 2209 779 medie.

775 837 840 902 tate
863 827 1003 922 deipsis
1026 819 1255 894 hereditatibus
1277 815 1445 890 lavorandi
1468 823 1502 887 et
1523 825 1557 884 at
1580 813 1795 888 lavorandum
1819 815 1922 892 dandi
1938 821 2063 922 absque
2077 832 2209 928 scripu,

775 965 810 1029 et
832 976 897 1026 nou
920 951 1009 1046 qarod
1032 947 1115 1020 absit
1138 943 1272 1036 siquod
1295 939 1413 1014 exinde
1436 935 1604 1011 exoriendi
1626 959 1686 1033 per
1710 937 1842 1012 nullum
1865 943 2022 1019 modum:
2046 961 2080 1024 et
2094 949 2208 1028 omnia

776 1081 1006 1178 quodcumque
1029 1074 1066 1144 in
1088 1072 1174 1166 ipses
1196 1092 1256 1142 sex
1280 1061 1392 1140 mein
1415 1091 1458 1142 ex
1482 1067 1552 1160 ipsa
1575 1063 1712 1138 eclesia
1738 1067 1896 1146 cnutum
1911 1072 1964 1144 vel
1980 1075 2089 1148 dutum
2101 1083 2205 1156 tueris

776 1206 844 1276 sive
867 1226 886 1270 a
910 1197 1032 1270 annm
1055 1196 1108 1270 vel
1132 1221 1152 1264 a
1175 1191 1366 1264 mulieribus
1389 1194 1418 1268 si
1440 1190 1539 1264 luerit
1563 1190 1684 1264 movile
1701 1193 1738 1266 in
1763 1207 1819 1270 tae
1835 1197 1879 1272 sit
1894 1207 2052 1294 potestm
2067 1205 2202 1280 laciendi

778 1349 843 1422 que
866 1321 1028 1395 volneris:
1062 1318 1224 1392 sianum
1247 1313 1402 1388 inmobile
1425 1313 1524 1386 luerit
1546 1324 1603 1384 aut
1631 1313 1695 1386 tale
1727 1337 1823 1392 mursa
1859 1343 1922 1416 pro
1954 1321 2216 1400 nomanautuu'

779 1451 820 1522 de
842 1445 974 1520 ecclesia
997 1454 1069 1541 post
1092 1451 1186 1516 trum
1209 1437 1478 1514 obitum-ibidem
1494 1459 1661 1512 temonem
1677 1440 1811 1517 debeant
1837 1447 2064 1520 tantummodo
2087 1457 2124 1521 tn
2141 1451 2206 1524 rite

779 1583 835 1647 aaa
857 1572 932 1646 uus
954 1571 1096 1666 uagam
1120 1565 1281 1639 aneu:
1302 1574 1334 1634 et
1349 1586 1409 1658 pm
1433 1562 1595 1638 amam
1619 1563 1685 1636 tur
1708 1565 1858 1640 rausum
1882 1543 2207 1647 attinuerunt

780 1700 884 1774 emta
908 1698 1020 1770 diebus
1044 1697 1110 1769 vite
1134 1703 1190 1766 tue
1212 1701 1246 1764 at
1267 1691 1477 1788 lrugiandum
1507 1697 1540 1764 et
1563 1699 1757 1766 memorum
1776 1693 1972 1766 medietates
2002 1687 2048 1768 do¹
2076 1719 2206 1771 memo-

780 1831 867 1896 ratas
887 1842 1000 1896 omnes
1023 1816 1214 1892 hereditates
1245 1823 1279 1884 et
1302 1814 1396 1886 terris
1419 1823 1453 1886 et
1475 1822 1588 1886 ortues
1612 1823 1646 1888 et
1668 1814 1902 1896 evitationibus
1935 1827 1971 1887 et
1994 1817 2085 1894 cellis
2108 1821 2209 1915 ipsius

781 1945 913 2019 ecclesie
936 1945 1022 2016 intus
1054 1949 1086 2010 et
1119 1937 1198 2010 loris
1231 1933 1463 2030 pertinentibus
1496 1945 1657 2030 qnantum
1689 1933 1801 2008 modo.
1834 1937 2003 2010 dominsnt
2035 1949 2068 2010 et
2100 1949 2213 2014 temnt

779 2071 917 2168 qualiter
932 2077 965 2142 et
977 2067 1145 2164 quomodo
1170 2064 1319 2158 superius
1332 2062 1454 2158 legitur
1470 2071 1507 2134 ut
1523 2062 1559 2134 in
1576 2071 1630 2134 tna
1645 2061 1710 2134 sint
1723 2069 1912 2158 potestatem
1927 2061 2001 2136 illos
2017 2065 2148 2138 ouandi
2165 2075 2199 2138 et

779 2195 965 2273 dominandi
987 2217 1045 2268 seu
1068 2193 1231 2294 leugiandi
1255 2203 1288 2264 et
1311 2193 1352 2266 de
1375 2191 1461 2288 ipsas
1484 2190 1609 2287 [rugiae
1633 2187 1769 2264 faciendi
1792 2189 1993 2288 exindeque
2012 2193 2200 2268 volueritis:

781 2323 870 2396 unde
891 2321 1013 2394 nullent
1037 2320 1142 2390 cuntis
1166 2318 1280 2390 diebus
1303 2318 1370 2390 vite
1395 2327 1449 2388 tue
1472 2315 1591 2390 exinde
1615 2337 1789 2414 qumamus
1804 2326 1859 2390 aot
1875 2315 2027 2392 tollamus
2044 2341 2101 2412 per
2118 2319 2204 2392 nnl-

781 2451 852 2522 lum
865 2449 1022 2522 modum:
1041 2447 1262 2520 tantummodo
1275 2455 1312 2516 tu
1329 2443 1434 2514 cuntis
1449 2443 1565 2518 diebtn
1580 2447 1647 2520 vito
1661 2455 1716 2518 tue
1728 2444 1819 2518 omni
1834 2465 1941 2520 annue
1955 2444 2050 2518 nobis
2064 2447 2207 2518 nostris·

765 2557 848 2670 ¹que
870 2574 1006 2667 posteris
1029 2580 1062 2642 et
1086 2569 1119 2640 in
1142 2577 1321 2642 memorato
1344 2579 1455 2644 saneta
1478 2581 1511 2644 ot
1535 2571 1709 2648 vanuabili
1733 2580 1845 2645 nostm
1870 2572 2067 2646 monasterio
2090 2571 2213 2644 exinde¹

781 2699 855 2772 dare
879 2707 912 2770 et
934 2697 1075 2792 diripere
1098 2694 1239 2769 debean's
1261 2693 1384 2766 oblates
1408 2695 1514 2788 paries
1537 2697 1636 2770 duas:
1663 2695 1818 2769 nnumin
1834 2697 2002 2768 nativitate
2027 2697 2148 2770 domini
2171 2705 2207 2767 et

780 2826 880 2900 elium
903 2826 938 2898 in
960 2835 1107 2898 mncnnm
1130 2825 1282 2920 pendeam
1305 2823 1374 2896 sine
1397 2823 1489 2896 omni
1514 2823 1765 2898 amaricatione:
1790 2832 1824 2896 et
1847 2845 1913 2896 nou
1933 2823 2081 2900 abemus
2095 2824 2208 2896 licen-

779 2955 858 3026 tiam
881 2975 940 3024 uos
962 2961 1018 3024 ant
1040 2929 1175 3046 posteris
1198 2955 1317 3024 nostris
1340 2963 1374 3024 et
1388 2961 1567 3027 memorato
1581 2963 1694 3026 sancto
1710 2961 1821 3026 nostro
1837 2951 2031 3026 monueris
2048 2961 2082 3026 te
2096 2950 2209 3022 carnus

780 3072 893 3148 diebus
916 3071 1001 3144 vitae
1026 3080 1080 3142 tue
1103 3071 1221 3144 exinde
1244 3072 1362 3144 iactare
1386 3083 1443 3144 aut
1466 3074 1538 3153 illos
1561 3073 1678 3148 tollere
1702 3099 1763 3148 nec
1785 3075 1875 3172 quod
1890 3073 1972 3146 absit
1987 3075 2131 3172 qualivet
2144 3097 2199 3146 sa-

780 3197 943 3272 cerdotem
967 3195 1019 3269 vel
1041 3195 1196 3272 clericum
1219 3205 1276 3268 aut
1308 3195 1503 3270 monachum
1534 3199 1587 3272 vel
1622 3199 1702 3274 alies
1734 3200 1849 3298 quavis
1883 3222 2035 3296 personas
2066 3198 2188 3270 ibidem

779 3347 898 3420 ponem
921 3333 977 3396 ant
999 3324 1149 3398 ordinare
1171 3345 1230 3420 per
1262 3324 1389 3400 nullum
1421 3323 1575 3398 modum:
1612 3327 1719 3402 cuntis
1750 3327 1864 3402 diebus
1900 3329 1985 3400 vitae
2020 3337 2104 3400 tue:
2131 3331 2206 3420 post

779 3473 889 3528 autem
912 3461 1005 3526 tuum
1028 3454 1198 3527 transitum
1221 3463 1299 3524 tuuc
1321 3462 1500 3526 memmata
1523 3455 1693 3528 medietate
1715 3479 1794 3530 cum
1818 3455 1974 3531 omnibns
2008 3455 2071 3527 sivi
2094 3451 2206 3546 perti-

779 3579 928 3652 uentibus
950 3581 1089 3673 qualiter
1111 3591 1146 3652 et
1167 3581 1334 3674 quomodo
1355 3581 1505 3676 superius
1530 3583 1646 3677 legitur
1677 3605 1741 3678 qne
1771 3583 1831 3656 tivi
1864 3581 2012 3667 dedimus
2042 3579 2084 3652 de
2120 3601 2203 3652 me-

780 3709 904 3774 morata
927 3703 1050 3796 integra
1072 3702 1204 3775 ccclesia
1229 3711 1336 3774 nostra
1360 3711 1396 3774 ut
1418 3723 1516 3798 snper
1538 3704 1654 3800 legitur
1677 3713 1709 3775 et
1731 3725 1807 3776 cum
1823 3703 1934 3776 omnia
1956 3712 2118 3798 quantum
2146 3721 2206 3794 per

779 3827 1007 3900 iuventanenm
1037 3825 1129 3898 vohis
1150 3827 1416 3922 atsignaverimus
1438 3829 1473 3900 in
1497 3838 1606 3902 nostra
1629 3831 1811 3924 nocuitque
1835 3827 1970 3922 posteris
1995 3838 2030 3899 et
2054 3828 2095 3900 de
2122 3847 2207 3900 mea

672 4022 679 4035 ,
779 3956 904 4022 morato
927 3957 1037 4020 nosue
1060 3949 1255 4023 monmteuc
1278 3952 1479 4026 retentantur
1506 3959 1541 4022 et
1564 3951 1628 4022 sim
1653 3961 1808 4046 potestate
1830 3949 1924 4024 cuius
1949 3951 2022 4022 iure
2047 3971 2110 4022 exo
2145 3947 2205 4020 si-

779 4078 893 4148 detur:
919 4076 997 4172 qnia
1019 4077 1062 4148 ita
1085 4077 1179 4150 uobis
1201 4078 1341 4174 placuit:
1372 4079 1407 4150 Si
1431 4089 1540 4152 autent
1563 4101 1622 4154 nos
1645 4089 1701 4150 aut
1725 4078 1864 4174 posteris
1888 4077 2008 4150 nostris
2035 4078 2129 4150 aliter
2150 4079 2204 4150 ie-

777 4205 916 4276 cerimus
938 4203 978 4274 de
1002 4204 1053 4276 luis
1075 4203 1227 4280 omnihus
1250 4208 1439 4284 memoratis
1462 4230 1521 4302 per
1546 4207 1667 4306 quonia
1691 4203 1827 4280 modum
1849 4213 1905 4278 aot
1918 4203 2104 4278 summissas
2119 4224 2201 4297 por-

778 4347 872 4396 sonas
894 4335 971 4398 tnnc
992 4331 1214 4422 componimus
1238 4330 1297 4402 tihi
1321 4331 1386 4402 vite
1409 4340 1465 4402 tna
1485 4333 1558 4407 auri
1581 4333 1703 4408 solidos
1730 4331 1848 4428 viginti
1865 4330 2071 4425 bythianteos
2088 4335 2121 4398 et
2136 4325 2201 4411 hec

778 4451 921 4526 chartula
943 4453 1150 4530 ordinationis
1180 4465 1216 4528 ut
1237 4479 1334 4554 snper
1357 4457 1476 4554 legitur
1500 4459 1542 4532 sit
1573 4460 1666 4536 firma
1697 4461 1816 4554 scripta
1852 4481 1909 4554 per
1939 4477 2053 4530 manns
2088 4450 2188 4546 sergii

776 4577 922 4672 primarii
944 4601 1003 4674 per
1025 4591 1202 4658 memorata
1224 4583 1329 4679 prima
1351 4585 1530 4660 indictione
1552 4586 1583 4680 †

869 4705 901 4800 †
923 4712 1103 4804 terpeteius
1126 4701 1245 4810 πρεσβῦ
1267 4734 1380 4802 posey(
1403 4737 1458 4786 ena
1485 4735 1597 4809 pazrop
1622 4709 1855 4808 oesypsato†

871 4813 1064 4924 †1's'2'u'r
1089 4843 1164 4910 nar
1189 4815 1600 4928 emereretur
