4888 6528
1416 513 1561 611 (res)

772 697 806 761 et
833 685 981 760 introitas
1005 703 1079 756 suas
1106 689 1139 753 et
1162 679 1313 753 omnibus
1344 677 1391 748 cis
1413 669 1646 768 pertinentibus
1669 676 1707 741 ut
1730 690 1828 764 super
1852 668 1972 766 legitur
1996 679 2034 745 tu
2066 693 2198 750 memo.

778 828 851 889 rato
876 815 1010 886 domino
1034 808 1186 905 gregorio
1209 808 1250 878 da
1274 805 1333 887 die.
1349 798 1508 897 presentis
1539 821 1598 891 per
1620 819 1674 868 me
1697 807 1878 870 memorato
1902 809 1997 892 petro
2021 801 2095 872 illos
2120 803 2197 876 dare

777 954 811 1016 et
834 941 961 1015 offerire
985 959 1077 1007 reum
1101 935 1228 1005 tradere
1252 931 1368 1002 debeas
1392 928 1428 998 iu
1450 933 1627 999 memorata
1650 924 1788 997 ecclesia
1811 927 1846 997 in
1862 950 1903 998 eo
1918 927 2006 1000 enim
2030 937 2143 1002 tenore
2159 942 2197 1002 ut

775 1073 955 1139 memorata
979 1061 1103 1152 integra
1127 1057 1197 1149 ipsa
1219 1052 1351 1126 ecclesia
1373 1073 1438 1124 una
1461 1071 1538 1123 cum
1560 1051 1702 1144 integras
1726 1048 1811 1146 ipsas
1826 1052 1928 1124 terras
1942 1062 1975 1124 et
1989 1075 2064 1126 cunr
2081 1057 2193 1128 omnia

777 1200 811 1260 et
833 1184 984 1257 ornnibus
1008 1183 1054 1253 eis
1075 1175 1310 1274 pertinentibus
1335 1175 1424 1246 ornni
1447 1183 1593 1270 tempore
1617 1174 1679 1246 siat
1701 1195 1877 1248 commune
1900 1198 1974 1248 mea
1988 1187 2023 1249 et
2038 1186 2095 1250 tua
2110 1193 2143 1250 et
2158 1179 2197 1252 de

776 1313 859 1385 meis
881 1317 915 1380 et
938 1306 1003 1378 tuis
1027 1304 1201 1377 heredibus
1222 1323 1281 1396 per
1305 1299 1528 1374 medietatem:
1552 1309 1586 1372 et
1611 1308 1647 1370 tu
1670 1308 1703 1371 et
1725 1299 1900 1373 herodibus
1925 1301 1989 1376 tuis
2013 1324 2143 1377 mecum
2167 1317 2199 1376 et

778 1461 854 1512 cum
878 1437 960 1508 meis
983 1434 1074 1506 omni
1098 1441 1245 1526 tempore
1268 1429 1484 1503 communiter
1507 1427 1616 1499 ambas
1648 1437 1753 1522 partes
1776 1427 1950 1502 hordinare
1973 1430 2149 1504 debeamus
2167 1434 2199 1503 in

778 1571 957 1640 memorata
982 1560 1115 1632 ecclesia
1139 1558 1339 1631 sacerdotem
1360 1558 1420 1654 qni
1445 1556 1564 1630 ibidem
1579 1557 1631 1628 die
1646 1565 1810 1654 noctuque
1824 1558 1950 1630 aeidue
1974 1559 2199 1632 hofficiebar'a.

779 1706 814 1767 et
837 1704 874 1766 tn
898 1701 931 1761 et
956 1689 1021 1762 tuis
1043 1688 1215 1760 heredibus
1247 1707 1307 1762 neo
1330 1705 1394 1779 ego
1416 1695 1471 1757 aut
1494 1685 1575 1756 meis
1598 1683 1773 1758 heredibus
1796 1687 1837 1758 da
1860 1685 1970 1782 ipsum
2004 1688 2199 1760 sacerdotem

782 1824 841 1920 qui
871 1820 993 1893 ibidem
1015 1817 1182 1890 custodem
1205 1813 1460 1887 ordinaberimus
1484 1813 1610 1886 nullum
1633 1815 1744 1886 datum
1769 1823 1824 1886 aut
1848 1813 2038 1886 calciarium
2068 1837 2202 1911 querere

786 1956 843 2019 aut
866 1945 981 2018 tollere
1004 1965 1070 2014 non
1096 1941 1269 2014 debeamus
1286 1962 1344 2034 per
1366 1939 1493 2011 nullurn
1516 1939 1652 2010 modum
1675 1961 1736 2032 pro
1758 1949 1906 2010 nostrum
1923 1939 2036 2012 abere:
2051 1949 2160 2034 preter
2174 1944 2202 2014 si

784 2075 825 2146 da
849 2091 925 2144 eum
950 2067 1082 2164 aliquod
1104 2066 1181 2138 dare
1197 2075 1254 2138 aut
1267 2065 1380 2136 tollere
1404 2065 1605 2158 potuerimus
1619 2087 1677 2158 per
1692 2064 1926 2160 qualecumque
1940 2063 2074 2136 modum
2091 2091 2108 2134 a
2125 2076 2202 2140 tunc

785 2201 847 2272 siat
870 2199 910 2268 de
932 2203 1113 2268 memorata
1136 2192 1290 2266 ecclesiae
1316 2175 1443 2264 iterun
1459 2200 1492 2263 et
1514 2199 1550 2263 tu
1572 2201 1752 2264 memorato
1771 2193 1902 2264 domino
1917 2193 2069 2288 gregorio
2084 2207 2118 2266 et
2134 2195 2199 2266 tuis

787 2321 962 2396 heredibus
985 2321 1147 2394 licentiam
1170 2325 1204 2390 et
1226 2324 1416 2411 potestatem
1439 2315 1557 2388 abeatis
1580 2317 1693 2388 tollere
1716 2317 1755 2390 da
1778 2317 1848 2410 ipso
1871 2317 2069 2390 sacerdotem
2094 2319 2204 2412 quiin

788 2449 858 2542 ipse
890 2445 1021 2517 ecclesie
1054 2443 1221 2516 custodem
1254 2435 1510 2512 ordinaberimus
1532 2461 1592 2536 per
1615 2441 1707 2511 omni
1731 2463 1836 2512 annue
1859 2439 2005 2511 hoblatas
2027 2441 2119 2535 paria
2147 2463 2205 2516 sex

628 2561 631 2568 ’
785 2581 824 2644 et
846 2569 937 2664 cyria
961 2589 1018 2638 sex
1043 2565 1147 2662 qualis
1172 2563 1291 2636 ibidem
1314 2562 1494 2634 introierit:
1522 2564 1557 2634 in
1581 2564 1782 2634 nativitatem
1806 2563 1931 2638 domini
1953 2561 2103 2636 hoblates
2117 2566 2203 2660 paria

791 2697 856 2768 dua
881 2703 914 2766 et
938 2693 1027 2789 cyria
1051 2694 1116 2765 dua
1138 2700 1173 2764 et
1196 2691 1231 2761 in
1254 2699 1399 2762 sanctum
1423 2711 1517 2784 pasce
1542 2689 1686 2762 hoblatas
1709 2690 1799 2784 paria
1823 2691 1887 2762 dna
1911 2697 1944 2761 et
1967 2691 2058 2785 cyris
2085 2689 2149 2762 dua
2172 2699 2204 2762 et

795 2824 832 2896 in
855 2821 1028 2893 testivitate
1053 2819 1153 2890 sancti
1176 2818 1261 2914 petri
1285 2817 1347 2888 elia
1371 2819 1434 2890 dua
1456 2817 1547 2911 paria
1570 2816 1611 2888 de
1627 2815 1758 2887 hoblate
1773 2826 1807 2887 et
1823 2817 1886 2887 dua
1901 2817 1992 2912 cyria
2006 2824 2040 2889 et
2054 2815 2089 2888 in
2104 2825 2159 2891 tue
2175 2827 2208 2888 et

672 2925 675 2935 ’
797 2950 839 3021 de
854 2948 919 3020 tuis
934 2947 1106 3020 heredibus
1121 2947 1184 3018 sint
1207 2953 1397 3040 potestatem
1413 2947 1550 3018 faciendi
1564 2967 1630 3040 que
1647 2945 1835 3018 volueritis:
1854 2945 1985 3039 Insuper
2001 2953 2032 3018 et
2046 2965 2104 3040 per
2118 2945 2210 3017 omni

795 3101 901 3150 annue
924 3077 959 3148 in
981 3079 1049 3172 ipsa
1073 3075 1246 3148 festivitate
1270 3076 1370 3148 sancti
1393 3075 1477 3170 petri
1501 3075 1663 3146 licentiam
1687 3084 1720 3144 et
1742 3083 1931 3170 potestatem
1954 3072 2048 3146 abeas
2070 3084 2107 3147 tu
2130 3075 2211 3146 illuc

793 3203 906 3276 benire
930 3213 962 3277 et
985 3203 1049 3275 tuis
1074 3201 1246 3274 heredibus
1269 3201 1384 3297 etipse
1399 3201 1547 3274 saeerdos
1565 3199 1623 3296 qui
1639 3197 1760 3270 ibidem
1778 3197 2112 3274 ordinaberimustibi
2131 3198 2212 3270 tuis—

793 3350 860 3422 que
883 3327 1056 3401 heredibus
1080 3337 1113 3397 at
1137 3338 1200 3400 tres
1224 3327 1368 3422 personis
1392 3328 1586 3400 manducare
1610 3335 1643 3396 et
1666 3325 1777 3398 vivere
1802 3325 1880 3399 dare
1904 3326 2018 3400 debeas
2039 3327 2123 3400 sieut
2136 3347 2212 3398 me-
2341 3351 2345 3356 ·

795 3455 901 3526 rueris
925 3461 958 3528 et
981 3455 1065 3526 sicut
1089 3456 1209 3526 iustum
1243 3455 1357 3526 luerit:
1387 3461 1611 3527 venrmtamen
1643 3453 1731 3526 stetit
1754 3455 1839 3526 inter
1862 3453 1956 3525 nobis
1980 3463 2017 3524 ut
2049 3455 2169 3527 amodo
2193 3479 2212 3528 a

797 3583 850 3654 die
873 3581 1016 3675 presenti
1048 3591 1080 3652 et
1111 3583 1315 3676 usquedum
1338 3605 1402 3678 ege
1426 3592 1458 3653 et
1482 3582 1654 3655 heredibus
1678 3582 1757 3656 meis
1781 3583 1848 3676 ipsa
1872 3581 2012 3654 ecclesia
2034 3581 2151 3655 labritr
2182 3593 2213 3657 et

800 3709 975 3806 cohoperta
999 3731 1090 3783 seum
1114 3711 1218 3808 pintus
1242 3719 1275 3781 et
1297 3711 1479 3783 hedificatas
1502 3713 1629 3785 abuerit
1662 3721 1699 3785 ut
1721 3731 1817 3807 super
1840 3709 1963 3806 legitur
1986 3738 2005 3784 a
2027 3721 2106 3784 tnnc
2128 3712 2214 3808 ipsae

795 3833 876 3907 ‘alias
899 3844 1001 3908 terras
1025 3837 1060 3908 in
1084 3861 1156 3910 mea
1179 3837 1323 3932 meisque
1349 3837 1519 3910 heredibus
1539 3841 1603 3911 sint
1618 3847 1807 3934 potestatem
1825 3839 1956 3911 tenendi
1972 3847 2004 3911 et
2025 3835 2214 3910 dominandi

797 3973 855 4033 'seu
877 3959 1041 4055 frugiandi
1066 3971 1098 4033 et
1120 3959 1286 4032 laborandi
1319 3971 1352 4030 et
1380 3962 1419 4033 dc
1443 3962 1526 4055 ipsas
1549 3964 1671 4056 trugtu
1693 3963 1836 4036 faciendi
1860 3963 1970 4036 omnic
1994 3979 2058 4059 quc
2081 3963 2200 4036 velue-.-

795 4084 901 4154 rimns
926 4093 958 4156 et
980 4093 1017 4154 tu
1040 4107 1101 4156 nee
1124 4086 1187 4155 tuis
1212 4085 1384 4156 heredibus
1407 4084 1529 4154 nullam
1552 4085 1645 4156 nobis
1669 4086 1786 4158 exinde
1803 4087 1947 4182 queretis
1962 4094 2070 4181 preter
2084 4103 2215 4157 memo-
2265 4187 2268 4190 .

798 4219 866 4283 rete
897 4209 1029 4283 hoblate
1061 4215 1151 4306 paria
1174 4237 1232 4284 sex
1255 4223 1286 4283 et
1310 4221 1488 4284 memorata
1511 4213 1600 4306 eyria
1623 4233 1767 4310 sexque
1789 4237 1851 4308 ego
1874 4223 1908 4287 et
1931 4213 2101 4286 heredibus
2126 4211 2207 4283 meis

800 4333 860 4404 tibi
879 4332 1007 4430 tuisque
1021 4333 1195 4406 heredibus
1210 4357 1268 4427 par
1282 4333 1371 4404 omru'
1385 4353 1491 4407 sonna
1508 4335 1585 4407 dere
1598 4345 1631 4407 et
1646 4337 1795 4410 atducere
1817 4337 1994 4410 demamus
2006 4357 2064 4432 per
2078 4355 2210 4406 ornnem

799 4454 916 4531 ordine
940 4465 973 4528 et
995 4466 1108 4527 tenore
1131 4466 1168 4526 nt
1191 4477 1288 4550 super
1312 4457 1447 4551 legitur:
1472 4458 1550 4532 duur
1574 4481 1638 4552 ego
1660 4468 1693 4529 at
1715 4458 1891 4532 heredibus
1915 4459 1996 4532 meis
2012 4460 2096 4554 ipsas
2112 4469 2214 4532 teras

797 4582 1072 4677 frogieberimus:
1097 4592 1131 4654 et
1153 4583 1210 4655 ubi
1235 4583 1367 4658 domino
1391 4585 1551 4682 placuerit
1573 4597 1607 4659 et
1629 4595 1666 4657 tu
1690 4595 1724 4661 et
1746 4587 1920 4661 heredibus
1943 4589 2008 4662 tuis
2034 4607 2160 4661 mecum
2183 4595 2218 4658 et

800 4735 876 4788 cunr
906 4715 990 4788 meis
1019 4714 1192 4788 heredibus
1215 4716 1250 4787 in
1273 4716 1349 4811 ‚ipsa
1373 4713 1505 4788 eeclesia
1536 4718 1735 4792 sacerdotem
1767 4719 2026 4796 ordinaberimus
2051 4731 2089 4794 ut
2119 4738 2220 4813 errper

799 4841 921 4938 legitur·
943 4869 963 4918 a
985 4853 1063 4918 tnnc
1088 4844 1172 4939 ipsas
1194 4853 1295 4917 tenes
1316 4863 1384 4916 una
1407 4865 1484 4917 cum
1509 4845 1599 4920 onrni
1615 4859 1649 4921 at
1667 4850 1817 4924 omnibus
1838 4851 1895 4950 eis
1908 4849 2142 4946 pertinentibus
2158 4869 2219 4922 rc-
