4888 6528
1456 638 1602 733 (aee)

813 819 919 885 menta
944 813 984 883 de
1007 808 1187 902 predictum
1210 811 1353 876 vestrum
1386 795 1626 894 querimoniam
1656 791 1691 864 'ran
1719 793 1873 866 omnibns
1897 793 1984 866 ultra
2008 793 2140 874 nonsit
2164 804 2237 880 inda

811 939 980 1033 requisitio
1002 959 1061 1029 per
1081 953 1200 1028 penam
1223 929 1427 1023 obbligamus
1450 925 1575 996 iuxtam
1597 919 1704 1015 tegern
1728 922 1992 1014 componendum
2006 949 2064 1000 vos
2080 930 2135 1000 vel
2151 954 2234 1003 suc-
2370 975 2379 992 .

812 1059 989 1134 cessoribus
1021 1058 1137 1128 vestris
1168 1055 1270 1128 michi
1302 1063 1334 1124 et
1364 1061 1398 1122 at
1433 1053 1515 1124 meis
1537 1047 1711 1124 heredibus
1734 1049 1763 1120 si
1787 1071 1844 1122 eos
1867 1049 2033 1124 remobens
2057 1057 2229 1132 volueritis

809 1194 938 1262 centum
964 1183 1062 1254 libras
1085 1182 1164 1265 auri,
1180 1178 1344 1272 purissimi
1366 1187 1399 1248 et
1422 1177 1658 1249 combenientia
1682 1175 1752 1269 ipsa
1774 1175 1915 1271 qualiter
1931 1180 2108 1252 secundum
2122 1183 2230 1277 legem

808 1325 891 1388 stare
915 1321 1019 1406 potest
1043 1311 1136 1384 firma
1158 1315 1353 1404 permaneat.
1370 1305 1496 1379 idcirco
1516 1327 1578 1400 ego
1595 1303 1844 1376 iamnominatns
1859 1319 1970 1399 petrau
1987 1330 2096 1380 comcs
2112 1309 2231 1404 lango-

806 1439 925 1510 bardus
947 1435 1086 1532 qualiter
1109 1435 1193 1506 inter
1214 1429 1311 1504 nobis
1335 1427 1499 1501 conavenit
1522 1425 1715 1522 apprehensi
1730 1427 1839 1520 gladio
1855 1427 1890 1498 in
1906 1449 2006 1502 manu
2021 1451 2095 1502 mea
2110 1441 2143 1504 et
2160 1436 2230 1528 rupi

808 1577 841 1640 ct
864 1565 985 1638 cassavi
1008 1563 1102 1636 vobis
1125 1562 1160 1632 in
1184 1581 1299 1633 manus
1322 1567 1445 1630 vestras
1467 1579 1527 1651 pro
1551 1565 1642 1650 parte
1660 1553 1797 1648 predicti
1813 1556 1914 1628 uncti
1929 1559 2029 1628 vestri
2047 1563 2228 1634 monasterii

807 1715 884 1786 erga
908 1689 1079 1760 vobiscum
1110 1685 1259 1757 babendo
1282 1685 1538 1779 suprascriptum
1562 1682 1791 1754 abbocatorem
1815 1683 1961 1756 eiusdem
1986 1688 2087 1758 vestri
2110 1709 2225 1760 mona-

807 1819 897 1892 sterii
921 1817 1070 1888 iamdicta
1093 1827 1179 1886 carta
1204 1837 1275 1886 mea
1299 1811 1481 1886 donationis
1505 1811 1627 1882 inutilis
1650 1820 1682 1882 ct
1706 1815 1752 1884 sic
1775 1822 1871 1907 rupta
1893 1823 1932 1883 et-
1951 1825 2105 1888 monum
2128 1797 2228 1910 ipsam

808 1953 886 2037 aput
910 1963 969 2014 vos
992 1939 1104 2014 remisi
1128 1936 1253 2010 nulium
1277 1935 1430 2008 roborem
1453 1936 1490 2008 in
1512 1961 1550 2008 ea
1574 1935 1758 2008 habentem.
1785 1939 1958 2012 etiterum
1982 1942 2119 2036 qualiter
2148 1943 2230 2013 inter

805 2070 899 2142 nobis
922 2065 1086 2140 combenit
1109 2087 1171 2158 ego
1194 2065 1252 2158 qni
1275 2085 1373 2158 supra
1396 2075 1507 2158 petrus
1529 2085 1638 2138 comos
1661 2063 1875 2158 langobardus
1890 2089 1963 2160 per
1993 2066 2075 2136 banc
2103 2077 2225 2138 cartam

605 2233 612 2248 ·
680 2175 708 2230 ¹·
787 2183 1041 2269 'consuimus
1064 2193 1241 2265 secundnm
1265 2192 1370 2286 legem
1401 2195 1606 2266 manifestum
1638 2192 1720 2264 facio
1752 2194 1841 2288 vobis
1873 2194 1931 2288 qui
1962 2215 2058 2286 supra
2090 2195 2225 2266 domino

805 2321 922 2398 farolfo
944 2317 1203 2411 roborantissimo
1223 2315 1336 2388 abbate
1354 2337 1415 2406 pro
1430 2325 1520 2410 perte
1535 2316 1740 2411 suprascripti
1755 2317 1852 2388 vostri
1867 2319 2052 2390 monasterii
2069 2343 2146 2414 erga
2164 2327 2227 2389 vo-

751 2437 752 2440 *
805 2450 929 2519 biscum
952 2447 1101 2516 babendo
1124 2445 1236 2516 codem
1262 2445 1454 2520 abbocntore
1469 2447 1679 2540 suprascripti
1697 2445 1795 2517 vestri
1806 2447 1991 2517 monasterii
2007 2448 2084 2540 quia
2099 2449 2226 2542 integra

803 2572 957 2642 tendor
976 2578 1068 2642 curte
1091 2579 1124 2640 et
1148 2569 1282 2662 integris
1305 2567 1466 2642 iamdictis
1490 2572 1585 2642 terris
1607 2572 1647 2643 de
1668 2570 1882 2666 suprascripto
1907 2571 1981 2642 loco
2014 2573 2072 2667 qui
2106 2573 2221 2645 dicitau

802 2695 930 2790 porticu
953 2694 1001 2765 sic
1024 2693 1060 2766 in
1081 2694 1246 2788 integrum
1263 2694 1404 2788 qualiter
1419 2694 1724 2790 quomodocumque
1740 2695 1904 2788 qnondam
1920 2697 2049 2768 bierunt
2071 2705 2103 2769 et
2117 2699 2222 2792 perti-

804 2827 947 2896 nuerunt
969 2818 1176 2913 mprescripti
1199 2815 1313 2890 seilicti
1337 2817 1460 2892 aurifici
1484 2817 1682 2916 ubicumque
1705 2829 1763 2892 aut
1778 2820 2082 2916 quomodocumque
2102 2821 2218 2892 exinde

803 2947 839 3019 in
862 2948 977 3022 eodem
1000 2947 1073 3020 ioco
1095 2947 1264 3020 inventum
1296 2949 1429 3022 dederit
1462 2947 1587 3043 legibus
1610 2949 1652 3020 sit
1674 2949 1835 3043 pertinens
1858 2948 1990 3042 predicti
2015 2949 2112 3020 vestri
2137 2970 2219 3018 mo-

805 3073 938 3146 nasterii
959 3097 1019 3169 per
1042 3075 1223 3148 iamdictam
1257 3085 1379 3148 cartam
1409 3075 1589 3148 offersionis
1611 3085 1644 3148 et
1667 3099 1726 3169 pro
1751 3075 1821 3146 aliis
1842 3073 2068 3167 scriptionibus
2091 3083 2124 3144 et
2154 3097 2219 3144 re-

806 3202 948 3276 tionibns
971 3203 1071 3298 ipsius
1096 3184 1195 3276 vestri
1218 3205 1404 3278 monosterii
1428 3203 1663 3299 pertinentibus
1687 3203 1946 3299 quibuscumque
1962 3203 2075 3274 modis.
2091 3212 2123 3270 et
2138 3223 2220 3294 pre-

806 3324 890 3398 dicta
913 3339 1000 3398 carta
1023 3327 1203 3400 offersionis
1218 3330 1359 3400 veritnsa
1375 3339 1424 3400 est
1440 3329 1639 3402 inomnibus
1653 3351 1719 3424 que
1738 3329 1881 3401 continet
1895 3337 1928 3401 et
1944 3328 2026 3400 mibi
2043 3330 2101 3422 qui
2122 3349 2218 3419 supra

807 3451 893 3542 petri
923 3449 1036 3522 comiti
1067 3473 1127 3522 nec
1158 3451 1199 3524 ad
1230 3451 1312 3524 meis
1336 3449 1508 3526 heredibus
1531 3461 1623 3525 curte
1647 3461 1679 3524 et
1703 3455 1798 3524 terris
1822 3451 1900 3546 ipsis
1923 3450 2063 3546 qualiter
2089 3449 2158 3526 diri
2181 3451 2216 3520 in
2308 3455 2312 3462 '

803 3571 967 3665 integrum
988 3572 1043 3644 vei
1067 3573 1183 3646 exinde
1207 3575 1333 3648 nullum
1356 3587 1405 3648 est
1422 3575 1585 3670 pertinens
1602 3599 1706 3670 neque
1727 3597 1785 3670 per
1800 3576 2010 3670 scriptionem
2033 3595 2138 3668 neque
2155 3595 2213 3668 pcr

799 3698 1033 3788 possessionem
1056 3721 1115 3774 noc
1133 3723 1199 3798 per
1222 3700 1353 3774 nullam·
1365 3703 1460 3774 ubam
1478 3699 1746 3798 qualemcumque
1761 3701 1928 3774 adiabenta
1942 3700 2067 3772 ratione
2081 3699 2136 3770 vei
2152 3698 2214 3770 bu-

800 3847 895 3898 mane
918 3829 1041 3902 mutia.
1065 3831 1142 3926 qnia
1166 3831 1263 3906 etiam
1287 3829 1492 3904 manifestavi
1517 3857 1579 3930 ego
1604 3843 1642 3906 ut
1664 3853 1760 3925 snper
1787 3830 1821 3902 in
1844 3830 1960 3902 eodem
1985 3829 2144 3900 iudicium
2176 3835 2215 3896 ut

797 3953 920 4026 nuliam
943 3955 1036 4028 eiiam
1062 3959 1269 4054 scriptionem
1293 3959 1446 4032 babercm
1469 3985 1532 4056 ego
1548 3964 1589 4034 de
1603 3961 1857 4048 iamdicueurte
1873 3969 1906 4030 ct
1921 3957 2016 4028 terris
2032 3933 2071 4028 dc
2088 3975 2210 4048 supra-

798 4083 920 4176 scripto
952 4085 1027 4157 loco
1050 4085 1251 4160 ubidicitur
1272 4087 1401 4181 porticu
1424 4087 1565 4184 qualiter
1587 4091 1717 4162 munna
1739 4097 1773 4160 et
1794 4088 2018 4180 pertinuerunt
2048 4082 2213 4178 qnondam

794 4211 1003 4306 suprascripti
1036 4213 1151 4285 aeilioti
1175 4215 1300 4286 aurifici
1323 4215 1364 4286 de
1387 4215 1551 4306 integrum
1574 4215 1628 4287 vei
1650 4215 1769 4287 cxinde
1793 4221 1906 4286 contra
1925 4235 1989 4286 vos
2021 4210 2075 4282 vel
2098 4217 2214 4280 contra

796 4337 921 4420 partem
942 4336 1077 4424 predicti
1100 4336 1199 4404 vestri
1222 4335 1408 4408 monesterii
1431 4339 1684 4414 at'eamandnm
1706 4337 1914 4412 nisitantnm
1930 4338 1997 4430 ipse
2014 4357 2084 4406 mea
2105 4354 2212 4428 quem

794 4457 864 4528 dixi
888 4469 975 4528 carta
998 4458 1178 4532 donationis
1200 4483 1265 4558 quc
1289 4473 1326 4538 ut
1348 4485 1445 4560 super
1469 4467 1561 4539 vobis
1589 4467 1623 4538 in
1644 4465 1802 4539 iudicium
1816 4477 2020 4539 ostensorem.
2036 4483 2137 4555 quem
2152 4481 2212 4553 per

791 4585 860 4676 ipsa
883 4584 1116 4658 comvenientia
1140 4585 1234 4657 vobis
1257 4587 1332 4683 mpi
1363 4597 1396 4660 et
1425 4589 1546 4662 cenavi
1569 4586 1708 4683 qualitor
1730 4589 1914 4684 preieffl'tnr.
1939 4599 1972 4657 ct
1994 4583 2108 4686 otigo
2141 4604 2205 4674 ego

791 4711 849 4802 qui
871 4731 968 4805 supra
991 4721 1101 4806 petrin
1123 4735 1230 4786 comes
1254 4713 1468 4809 longobardus
1486 4737 1551 4786 *me
1575 4725 1608 4788 et
1631 4737 1721 4788 meos
1744 4717 1878 4790 heredes
1902 4714 1996 4788 vobis
2020 4713 2077 4808 qui
2105 4731 2206 4804 supra

793 4833 925 4909 domino
948 4840 1064 4912 farolfo
1088 4845 1196 4918 abbati
1219 4851 1252 4912 ct
1276 4842 1315 4913 ad
1335 4841 1572 4918 umoribus
1586 4847 1703 4918 vestris
1718 4845 1825 4918 trlitcr
1839 4853 1877 4917 ut
1893 4841 2011 4916 amodo
2028 4848 2061 4910 et
2082 4857 2211 4930 semper

791 4959 879 5030 taciti
903 4964 1063 5056 etquieti
1087 4991 1273 5042 maneamus
1299 4991 1361 5064 eqo
1385 4979 1418 5042 ct
1440 4991 1530 5044 meos
1553 4970 1688 5046 hemme
1711 4977 1823 5044 contra
1846 4991 1905 5042 vos
1929 4977 1963 5039 et
1987 4975 2099 5040 corma
2127 4984 2211 5040 sac-
