4882 6534
1320 793 1568 946 ,emm

611 1167 673 1236 pn,
853 1147 885 1243 †
910 1148 947 1216 ln
970 1141 1103 1214 nomine
1126 1133 1261 1212 domini.
1284 1131 1426 1206 Domino
1448 1122 1590 1220 micbcyi
1613 1125 1726 1199 dirim
1748 1129 1853 1223 mdc
1876 1131 2052 1227 imperator
2076 1159 2180 1231 ungri·

591 1299 699 1362 1039.
759 1288 818 1352 rto.
842 1273 905 1346 deo
926 1263 1086 1362 propitius
1109 1271 1202 1334 sexto
1225 1277 1310 1328 enno
1334 1249 1463 1347 imperii
1492 1249 1563 1320 eim
1586 1269 1698 1322 meme
1721 1249 1905 1324 tcbrnrrius
1924 1255 2065 1350 septima
2088 1257 2184 1334 indi-

760 1403 865 1476 ctione
889 1393 1031 1492 Ideoque
1054 1412 1118 1488 ego
1140 1387 1193 1460 vir
1215 1383 1347 1458 nomine
1370 1391 1482 1476 petrns
1504 1387 1538 1450 et
1560 1375 1649 1451 filim
1672 1378 1803 1494 cuidem
2066 1396 2100 1456 et
2122 1409 2184 1481 08⁰

759 1533 812 1603 vir
834 1526 968 1598 nomine
989 1517 1128 1594 murena
1154 1521 1187 1587 ct
1209 1513 1294 1590 tilius
1318 1509 1469 1582 omnm·
1688 1497 1895 1582 ddirmdictu
1909 1511 2041 1584 civitate
2055 1513 2178 1587 luceria

761 1654 952 1727 habitantes.
974 1647 1070 1722 Cium
1093 1643 1182 1718 eninr
1205 1661 1266 1714 nos
1288 1637 1426 1714 tacimus
1448 1636 1527 1732 quic
1550 1633 1764 1730 pertinentem
1787 1635 1925 1710 abemus
1942 1637 2033 1711 buna
2047 1643 2179 1716 ccclsdu
2317 1615 2321 1622 ⁵

764 1781 804 1850 dn
827 1775 906 1870 ipsis
927 1766 1129 1866 genitoribus
1152 1763 1268 1837 nostris
1291 1759 1327 1831 in
1350 1757 1469 1832 finibus
1492 1759 1533 1830 de
1551 1757 1700 1830 iamdicto
1719 1755 1850 1830 eiritnte
1866 1759 1997 1838 luceria.
2020 1764 2178 1837 inlocum

764 1902 823 1996 qui
846 1900 965 1972 (linitur
988 1897 1029 1970 nd
1051 1901 1159 1965 muru
1183 1887 1284 1960 maria
1308 1887 1510 1960 iuirsdenne.
1529 1897 1563 1958 et
1587 1904 1698 1958 tumus
1721 1907 1782 1957 non
1805 1885 1906 1960 [timis
1930 1911 2084 1984 pauperes
2099 1896 2176 1986 quin

763 2027 829 2096 inm
853 2025 920 2117 ipse
944 2019 1076 2092 melesio
1101 2038 1213 2112 regere
1235 2037 1302 2086 non
1325 2015 1503 2108 poterimus
1526 2023 1561 2086 et
1584 2033 1698 2084 omnes
1719 2011 1816 2086 bores
1837 2015 1906 2108 ipsu
1923 2017 2056 2090 animia
2069 2020 2175 2092 tancre

762 2171 829 2220 non
844 2147 1035 2243 poterimus.
1060 2145 1126 2216 iem
1148 2141 1292 2237 cepimus
1315 2141 1398 2213 inter
1420 2161 1480 2211 nos
1503 2137 1645 2234 cogitare
1667 2134 1807 2232 qualiter
1827 2139 1867 2210 de
1890 2138 1959 2231 ipse
1974 2140 2108 2211 ecclesio
2124 2144 2181 2212 in-

763 2292 910 2345 ceremus
933 2269 1011 2364 quia
1033 2268 1190 2340 maiorem
1212 2275 1380 2359 percutum
1403 2265 1510 2336 anime
1533 2274 1641 2334 nostre
1672 2273 1719 2334 est
1741 2261 1768 2333 si
1790 2263 1858 2356 ipsu
1879 2263 2013 2336 ecclesio
2037 2266 2178 2359 amptius

764 2403 837 2495 plus
862 2399 943 2470 hore
967 2397 1080 2491 perdet
1102 2408 1136 2466 et
1159 2393 1277 2465 exinde
1299 2413 1359 2462 nos
1382 2393 1613 2486 conqnidimus
1636 2392 1922 2487 muiorpeerutnm
1941 2392 1977 2462 in
1992 2391 2098 2463 anime
2112 2416 2178 2465 no-

764 2535 830 2594 stru
853 2522 905 2592 vel
929 2522 971 2591 de
995 2525 1163 2611 parentum
1186 2524 1374 2586 uosuorum
1408 2515 1504 2585 modo
1528 2536 1661 2608 odorque
1684 2513 1837 2585 declarati
1860 2513 1947 2586 enim
1966 2537 2079 2588 sumus
2107 2517 2182 2610 quir

762 2667 844 2744 puro
875 2644 936 2714 buc
967 2644 1092 2715 sincero
1120 2641 1220 2714 eorde
1243 2641 1328 2712 bone
1350 2652 1459 2712 nosue
1484 2640 1641 2713 notmuti
1664 2663 1725 2736 pro
1748 2643 1928 2714 remedium
1953 2655 1986 2714 et
2008 2645 2182 2716 seductione

763 2779 867 2850 anime
890 2785 998 2848 nostre
1021 2783 1055 2846 et
1077 2774 1118 2846 de
1141 2778 1311 2867 purcntnm
1334 2781 1529 2842 nostrorum.
1553 2793 1613 2866 per
1637 2769 1725 2842 huno
1744 2771 1897 2866 scriptum
1913 2772 2090 2844 mundonis
2105 2785 2181 2842 ente

764 2905 895 2976 domino
917 2899 1086 2973 benedicto
1109 2900 1281 2994 magnifico
1305 2899 1420 2972 iudice.
1443 2907 1478 2968 et
1501 2899 1571 2970 aliis
1593 2897 1686 2970 bonis
1706 2897 1888 2970 bominibus
1910 2900 1968 2994 qui
1991 2899 2045 2970 bic
2068 2909 2179 2993 supter

764 3022 934 3118 conseripu'
966 3030 1042 3094 sunt
1071 3031 1177 3094 testes.
1201 3021 1395 3094 donabimus
1418 3021 1524 3116 adque
1547 3021 1753 3094 concedimus
1776 3043 1833 3094 seu
1857 3031 1890 3093 ct
1914 3023 2101 3096 tradidimus
2123 3023 2180 3093 tibi

766 3152 899 3224 domino
923 3149 1061 3224 iobnnue
1083 3149 1257 3246 imperialis
1280 3169 1390 3222 comes
1413 3160 1456 3226 et.
1469 3149 1621 3222 triumvir
1644 3151 1712 3246 ipse
1734 3151 1920 3246 supradicte
1926 3201 2171 3224 ...........

906 3274 1040 3346 eeclesia
1063 3272 1224 3346 rooubudo
1247 3285 1354 3346 cuncte
1376 3269 1489 3342 merie
1513 3273 1609 3345 etde
1633 3276 1701 3368 ipse
1724 3285 1810 3351 terre
1833 3287 1952 3372 quinte
1974 3275 2093 3349 ibidem
2108 3285 2182 3348 mut

764 3401 853 3495 quod
884 3399 977 3473 nobis
1012 3409 1087 3473 sumt
1119 3401 1320 3496 pertinentes
1354 3401 1438 3472 Nem
1467 3408 1500 3469 et
1529 3422 1591 3498 ego
1625 3403 1745 3478 mulier
1777 3403 1908 3476 nomine
1939 3425 2033 3474 sussu.
2064 3411 2098 3471 et
2120 3423 2183 3492 ego

766 3531 886 3602 mulier
910 3531 1041 3606 nomine
1064 3532 1239 3604 odiernum.
1265 3541 1298 3604 et
1320 3555 1406 3604 uxor
1429 3533 1565 3628 predicti
1588 3537 1672 3628 petri
1695 3557 1874 3628 congruum
1889 3545 1936 3604 est
1949 3532 2042 3602 nobis
2058 3533 2181 3602 donare

764 3652 874 3719 inclite
897 3652 966 3741 ipsa
987 3661 1138 3744 quartem
1160 3663 1285 3747 partem
1308 3657 1397 3746 quod
1421 3655 1514 3726 nobis
1537 3656 1672 3750 pertinet
1691 3657 1732 3726 da
1756 3656 1831 3752 ipsis
1846 3655 1971 3726 viribus
1988 3655 2107 3725 nostris
2120 3653 2181 3724 tibi

764 3775 833 3842 inm
856 3773 1058 3848 nominatum
1082 3776 1214 3848 domino
1238 3775 1377 3851 iohanne
1400 3779 1578 3876 imperialis
1601 3801 1709 3852 comes
1732 3789 1765 3852 et
1786 3779 1948 3852 triumvir.
1974 3779 2029 3851 Set
2052 3772 2175 3850 licitum

764 3897 858 3972 nobis
882 3903 1013 3978 mulieri
1037 3927 1103 3977 non
1128 3916 1176 3976 est
1200 3931 1272 3980 eam
1297 3909 1418 3982 donare
1442 3909 1563 4004 ubsque
1586 3911 1701 3983 notitia
1724 3908 1824 3983 iudici
1848 3933 1905 3983 seu
1921 3911 2176 4005 propinquorum

763 4035 935 4117 parentum
959 4040 1155 4101 nostrornm.
1179 4033 1263 4107 sieut
1287 4035 1321 4106 in
1345 4037 1399 4108 lex
1423 4035 1697 4128 lagnoburdorum
1720 4035 1877 4107 eontinet.
1903 4035 1994 4108 Unde
2010 4045 2177 4130 propterea

764 4149 877 4220 notitia
891 4152 1025 4224 fecimus
1040 4177 1102 4248 ego
1118 4156 1281 4230 nominate
1297 4181 1399 4234 sessu
1424 4158 1464 4228 nd
1478 4157 1660 4255 gnyderisi:
1689 4171 1722 4234 et
1735 4180 1799 4255 ego
1814 4161 1963 4232 ulieranr.
1988 4158 2029 4229 cd
2044 4160 2178 4232 iohanne

764 4276 804 4346 de
830 4277 895 4348 sele
919 4265 1106 4372 perentibus
1129 4293 1162 4356 et
1185 4287 1474 4360 consentientibus.
1506 4291 1560 4359 vel
1583 4289 1740 4363 mundoul
1763 4289 1898 4361 nostris.
1928 4290 1990 4384 ipsi
2013 4291 2099 4360 enim
2115 4309 2174 4356 no-

714 4407 716 4412 '
763 4402 813 4471 bis
838 4405 1109 4478 consentientibus
1133 4419 1165 4480 et
1188 4411 1274 4482 huns
1298 4435 1373 4484 cum
1397 4413 1445 4483 eis
1469 4423 1602 4483 etcum
1624 4414 1774 4506 predictis
1798 4411 1922 4484 viribus
1939 4413 2054 4483 nostris
2079 4421 2172 4504 petro

765 4535 797 4595 et
822 4527 971 4598 rotfredo.
995 4533 1197 4620 perreximus
1229 4545 1302 4604 ente
1335 4536 1480 4628 predicto
1512 4535 1644 4607 domino
1676 4534 1844 4608 benedicto
1874 4535 2045 4631 magnifico
2069 4535 2175 4607 iudice

764 4659 796 4718 et
820 4655 1000 4745 reponimur
1024 4659 1094 4729 eius
1118 4656 1268 4748 pictatem
1291 4669 1328 4728 ut
1351 4659 1441 4730 daret
1465 4659 1557 4731 nobis
1580 4658 1710 4730 mulieri
1735 4659 1897 4732 licentiam
1914 4659 2071 4730 donandi.
2102 4659 2174 4742 Quo

764 4787 800 4842 tu
836 4780 987 4852 dominus
1019 4783 1206 4853 benedictus
1239 4785 1338 4855 iudex
1371 4788 1540 4882 diiigenter
1572 4785 1741 4881 inquisibit
1774 4809 1834 4858 uos
1870 4788 2012 4879 predicte
2047 4783 2176 4857 mulieri

762 4919 804 4966 ne
826 4899 908 4971 torte
940 4924 1064 4976 suesem
1096 4925 1237 4974 essemus
1266 4918 1322 4978 cut
1350 4909 1470 4980 virtute
1498 4919 1681 5004 pateremur
1708 4907 1749 4978 de
1773 4931 1870 5002 supra
1893 4911 2059 4982 nominato
2083 4917 2177 5002 petro
