4882 6534
1425 641 1566 740 (ero)

797 823 916 900 reditas
938 817 1059 900 ibidem
1080 815 1187 888 tmen
1207 817 1242 884 ot
1262 803 1361 880 abere
1383 800 1579 878 demamus:
1605 806 1639 872 ot
1660 819 1760 898 super
1774 820 1836 876 nos
1849 801 1959 898 ipsum
1973 805 2119 884 modim
2142 813 2216 888 pm.

797 953 890 1050 gisre
922 946 1095 1020 debeamm
1125 935 1238 1013 subtus
1270 942 1304 1006 et
1333 951 1432 1028 super
1460 928 1548 1004 unde
1578 925 1704 1002 nullam
1732 927 1829 1006 uobis
1851 933 1971 1006 exinde
1993 939 2158 1034 queraris:
2183 951 2216 1016 ot

799 1079 908 1154 omnia
938 1072 1171 1171 quodcumque
1200 1061 1283 1136 mibi
1311 1061 1458 1158 meisque
1479 1055 1656 1132 heredibus
1680 1055 1762 1132 deus
1784 1061 1912 1136 dederis
1936 1066 1972 1137 in
1995 1067 2138 1162 quolibet
2158 1092 2214 1144 10-

799 1209 939 1283 miustus
962 1224 1028 1298 que
1059 1197 1095 1270 in
1122 1196 1231 1290 ipsum
1252 1211 1404 1288 eampum
1434 1186 1701 1264 seminaberimus
1724 1189 1761 1263 in
1783 1213 1857 1265 mea
1880 1193 2028 1292 nasisque
2049 1193 2216 1274 modim

800 1340 864 1411 sint
885 1336 1077 1430 potestatem
1099 1322 1187 1400 unde
1211 1319 1336 1394 nullam
1353 1316 1447 1391 uobis
1462 1315 1579 1392 exinde
1593 1316 1739 1412 quorsus
1755 1327 1812 1390 aut
1827 1319 1947 1393 tollatis
1960 1347 1969 1393 ε
1996 1324 2215 1399 tantummodo

702 1467 710 1478 '
799 1463 914 1539 bomni
936 1481 1047 1536 annuo
1069 1477 1132 1552 ego
1154 1461 1188 1524 et
1209 1447 1383 1524 heredibus
1407 1445 1488 1518 meis
1511 1441 1605 1516 vobis
1628 1443 1809 1540 restr'mque
1834 1447 1979 1540 postoris
1993 1457 2028 1521 ,ι
2042 1449 2081 1524 in
2098 1472 2216 1526 mm.

668 1570 672 1579 Ι
802 1601 874 1662 rato
898 1597 1007 1660 saneto
1031 1591 1066 1654 et
1086 1575 1265 1654 venerabili
1295 1581 1404 1645 vestro
1427 1565 1626 1642 monasterio
1649 1567 1767 1640 exinde
1791 1570 1981 1648 terraticum
2006 1572 2087 1646 dare
2113 1583 2147 1647 at
2168 1586 2217 1648 st.

804 1716 924 1787 ducere
947 1708 1120 1782 obeamus
1146 1727 1205 1799 por
1235 1698 1406 1774 testivitate
1441 1703 1551 1770 saneto
1573 1691 1676 1766 marie
1698 1691 1741 1766 de
1761 1703 1901 1790 waugusto
1926 1717 2036 1772 meuse
2062 1699 2106 1772 de
2128 1701 2216 1796 quate

803 1838 927 1911 vietum
958 1833 1079 1906 ibidem
1109 1826 1375 1904 seminaberimrm
1408 1821 1534 1897 modias
1565 1821 1756 1918 quindecim
1788 1825 1920 1927 bosun
1935 1827 2056 1900 mosum
2080 1835 2218 1906 tractum

803 1971 950 2060 paratum
972 1978 1076 2052 mque
1099 1955 1186 2026 intus
1209 1957 1302 2048 porta
1324 1949 1496 2022 memorati
1519 1945 1624 2022 saneti
1637 1956 1672 2020 et
1686 1943 1878 2022 venerabilis
1903 1951 2002 2024 uestri
2016 1954 2218 2028 monmtorii.

803 2096 1025 2170 mensuratum
1053 2095 1086 2156 at
1118 2081 1266 2156 modium
1289 2079 1413 2152 iustum
1439 2077 1480 2150 de
1504 2075 1738 2149 comedendum
1759 2075 1832 2149 siue
1855 2079 1946 2152 omui
1971 2080 2220 2158 amaricatione:

806 2226 840 2290 et
863 2217 1000 2307 desuper
1022 2218 1180 2308 quantum
1203 2203 1316 2276 binum
1337 2201 1463 2276 ibidem
1486 2201 1583 2272 omni·
1601 2221 1708 2274 annue
1720 2199 1813 2273 uobis
1827 2200 1977 2276 dominus
1994 2203 2073 2276 dena
2090 2204 2222 2278 dederis

808 2352 953 2416 mustum
977 2337 1134 2410 muudum
1157 2343 1190 2406 et
1213 2349 1424 2423 saconpannas
1447 2334 1524 2400 tune
1548 2324 1729 2400 dividamm
1753 2323 1828 2400 iilos
1849 2325 1934 2398 inter
1953 2328 2047 2402 nobis
2070 2353 2128 2426 per
2143 2351 2222 2404 me-

806 2471 944 2543 dietate:
978 2485 1036 2536 vos
1059 2474 1092 2532 et
1116 2459 1251 2557 postoris
1274 2456 1389 2531 reatris
1415 2465 1448 2528 ot
1471 2464 1653 2528 memorato
1675 2463 1785 2530 vestro
1808 2457 2222 2548 monauteriomedietute:

806 2603 839 2664 et
861 2612 923 2686 ego
947 2599 979 2660 et
1001 2583 1172 2661 heredibus
1195 2583 1276 2656 meis
1299 2579 1448 2654 similiter
1471 2580 1533 2652 alia
1557 2579 1745 2654 medietate:
1772 2591 1806 2652 et
1829 2581 1897 2675 ipsa
1920 2582 2091 2656 medietate
2114 2595 2222 2659 vostra·

805 2720 863 2817 qui
886 2739 946 2790 ros
968 2723 1002 2790 ot
1027 2711 1161 2809 pesteris
1196 2710 1310 2783 restris
1343 2707 1460 2780 exinde
1490 2707 1634 2812 tetigeris
1667 2727 1729 2800 ego
1757 2716 1791 2778 et
1828 2706 2001 2782 heredibus
2023 2712 2104 2786 meis
2129 2712 2221 2786 vobis

805 2847 983 2944 vestrisque
1006 2842 1143 2939 posteris
1165 2839 1239 2914 illut
1261 2859 1390 2912 servare
1413 2837 1587 2912 debeamus
1610 2838 1644 2910 iu
1667 2837 1817 2931 orgaueis
1844 2837 1960 2910 noetus
1984 2837 2051 2911 dies
2076 2848 2162 2914 erese
2190 2851 2227 2917 et

747 3059 753 3070 ³
810 2973 901 3047 omni
924 2993 1029 3045 annue
1053 2991 1116 3063 ego
1139 2975 1172 3041 et
1206 2964 1379 3038 heredibus
1411 2965 1492 3040 meis
1523 2964 1616 3038 robis
1645 2963 1823 3062 vestrisque
1853 2969 1988 3061 posteris
2020 2967 2094 3048 illut
2116 2981 2225 3048 tmere

811 3099 984 3176 dabamus
1006 3097 1232 3194 gratiamque
1256 3093 1297 3164 sd
1319 3090 1377 3166 illa
1401 3089 1583 3166 obedientia
1617 3101 1721 3164 vestra
1745 3093 1787 3164 do
1810 3101 1990 3166 memorato
2012 3094 2086 3168 loeo
2110 3098 2229 3190 pumi-
2390 3105 2393 3112 ’

809 3225 932 3300 tanum
955 3223 1025 3296 siue
1048 3221 1139 3297 omui
1162 3217 1417 3290 amaricatione:
1443 3227 1477 3290 et
1500 3239 1562 3314 ego
1585 3225 1618 3288 et
1641 3216 1815 3290 heredibus
1836 3219 1916 3292 mois
1940 3218 2012 3292 ittut
2024 3221 2227 3298 ,vindemiare

809 3352 983 3426 debeamus
1003 3359 1036 3420 at
1059 3347 1151 3421 omni
1173 3351 1285 3420 nostro
1308 3342 1489 3439 expendo:
1516 3343 1630 3414 vinum
1653 3353 1685 3416 ut
1708 3343 1885 3418 vibeudum
1910 3347 2039 3441 stipsis
2065 3349 2223 3443 opereris

807 3481 867 3575 qui
889 3478 1011 3553 ibidem
1033 3473 1282 3550 biodemiareris
1305 3469 1521 3546 communiter
1543 3473 1691 3546 mmmm
1714 3485 1746 3546 ot
1765 3497 1825 3568 per
1851 3475 2027 3546 vindemias
2042 3473 2127 3548 duaa
2144 3499 2227 3571 per-

807 3619 903 3676 sonas
924 3609 1046 3675 seruas
1070 3599 1195 3672 nutrire
1218 3597 1389 3672 debeamus
1412 3597 1581 3695 quomodo
1604 3597 1724 3672 tusum
1746 3598 1845 3672 frueris
1868 3597 1947 3672 brm
1973 3599 2008 3672 in
2029 3622 2141 3674 unum
2157 3601 2229 3676 bin·

807 3723 1055 3801 demieberimus
1080 3745 1185 3797 unum
1207 3732 1242 3794 at
1265 3743 1416 3816 eampum
1438 3731 1472 3790 et
1496 3719 1598 3794 alium
1621 3729 1654 3792 at
1675 3720 1897 3816 pulmentum:
1922 3733 1957 3794 et
1978 3723 2007 3796 si
2031 3723 2158 3802 ibidem
2179 3729 2230 3798 io-

806 3861 902 3928 veuta
923 3853 1050 3928 dederis
1072 3852 1152 3928 duas
1175 3853 1264 3926 vices
1286 3873 1346 3950 per
1368 3870 1490 3924 annuum
1512 3850 1549 3922 in
1572 3871 1644 3926 msa
1668 3873 1740 3926 mes
1761 3849 1855 3925 vobis
1878 3851 2022 3946 recipere
2047 3853 2229 3938 debeamm

806 4001 882 4056 oum
894 3989 959 4056 tres
973 4001 1125 4076 personae
1140 4003 1198 4076 per
1211 3981 1309 4054 rioes:
1329 3986 1363 4052 et
1378 4000 1441 4076 ego
1456 3987 1490 4054 et
1501 3974 1678 4054 heredibus
1693 3973 1775 4053 meis
1787 3975 1879 4050 vobis
1894 3977 2074 4075 uestrisque
2088 3978 2232 4076 posteris

806 4119 840 4184 et
861 4118 895 4180 at
915 4108 1045 4182 eubodio
1068 4107 1183 4182 restris
1205 4106 1400 4180 manducare
1423 4102 1591 4179 seribere
1614 4101 1692 4178 dure
1715 4103 1889 4178 debeam
1911 4107 2081 4202 quomodo
2101 4109 2227 4182 iustum

806 4235 928 4310 iuerise
952 4244 986 4310 et
1007 4257 1074 4308 uon
1097 4235 1215 4310 abeatis
1238 4217 1402 4306 licentiam
1421 4253 1481 4306 ros
1503 4241 1536 4306 et
1558 4233 1694 4328 posteris
1717 4233 1832 4308 uestris
1854 4243 1888 4310 et
1911 4245 2092 4308 memorato
2109 4247 2230 4310 saneto

807 4373 841 4440 et
862 4361 1038 4436 venerabili
1061 4372 1168 4436 vestm
1191 4357 1387 4434 monasterio
1410 4356 1493 4430 mibi
1516 4359 1663 4455 meisque
1686 4357 1859 4434 heredibus
1882 4359 1999 4436 exinde
2021 4362 2146 4440 instare
2172 4371 2233 4439 aut

661 4579 663 4582 Ι
806 4487 881 4563 illos
904 4485 1017 4560 tollore
1039 4507 1099 4580 per
1120 4482 1248 4556 nullum
1270 4479 1405 4557 modum
1436 4501 1497 4552 nee
1522 4503 1581 4574 per
1602 4481 1787 4552 summissas
1815 4503 1968 4576 personas
1990 4503 2075 4559 vona
2102 4509 2173 4585 ogo
2197 4495 2231 4558 ot

806 4614 978 4690 heredibus
1001 4613 1082 4691 moia
1105 4609 1179 4686 ilios
1201 4608 1381 4682 lavorsntes
1403 4617 1437 4682 et
1460 4607 1659 4680 arbustentes
1681 4615 1715 4682 et
1738 4609 1831 4684 omui
1855 4629 1961 4685 annue
1989 4613 2180 4710 pugium
2197 4621 2233 4686 et

807 4717 916 4818 emnia
938 4749 1115 4816 memorata
1138 4739 1337 4836 reimplentes
1359 4745 1397 4809 ut
1419 4756 1517 4830 super
1540 4734 1679 4829 legitur-z
1706 4743 1739 4809 et
1754 4735 1833 4816 dum
1848 4737 1921 4814 iilos
1946 4739 2150 4816 tenuerimus
2168 4758 2234 4813 vos

806 4877 840 4940 et
862 4867 997 4964 posteris
1019 4863 1134 4938 vestris
1157 4871 1191 4936 et
1214 4870 1393 4936 memorato
1415 4869 1525 4936 vestro
1548 4861 1745 4938 monasterio
1768 4863 1850 4938 mibi
1874 4866 2023 4960 meisque
2049 4861 2235 4942 beredibm

807 4993 881 5066 iilos
903 4987 1071 5066 defendere
1094 4985 1257 5060 debestia:
1281 4995 1315 5060 et
1329 4985 1521 5081 quandoque
1543 5007 1608 5083 epo
1630 4999 1664 5058 et
1687 4986 1859 5066 hostibus
1877 4989 1959 5067 meis
1976 4987 2051 5066 illos
2066 4989 2238 5071 &uuu-
2406 4985 2407 4988 '
