4888 6528
893 571 1041 666 (aas)

258 731 438 805 caesoribus
462 729 577 800 restris
601 729 641 801 de
663 729 790 822 integra
821 727 972 800 iamdicta
1002 737 1093 802 curte
1117 735 1149 803 et
1173 731 1213 804 de
1236 731 1370 828 integris
1394 731 1555 808 iamdictis
1578 737 1674 810 terris

256 863 295 933 de
319 859 437 954 quibus
461 879 515 929 me
538 855 634 928 robis
657 864 695 929 ut
719 877 818 951 super
841 856 1043 930 manifestavi
1067 860 1207 954 qualiter
1230 861 1420 954 prelegitur.
1448 861 1493 932 ita
1511 869 1549 934 ut
1564 884 1672 957 neque

254 1007 313 1079 per
327 985 537 1080 scriptionem
554 1005 616 1055 uec
630 1004 689 1076 per
703 981 939 1076 possessiouem
954 1003 1060 1075 neque
1075 1004 1135 1074 per
1148 981 1271 1054 nullam
1286 981 1390 1061 aliam,
1398 983 1670 1080 qualemcumque

255 1109 428 1182 adlubenta
450 1107 576 1179 ratione
600 1105 652 1178 vel
675 1103 818 1177 humano
842 1103 975 1198 iugenio
997 1105 1038 1176 de
1065 1104 1229 1200 integrum
1256 1107 1342 1200 ipsos
1367 1107 1508 1202 qualiter
1531 1109 1601 1182 dixi
1618 1109 1669 1181 vel

256 1234 375 1308 exinde
399 1241 512 1306 centra
536 1253 595 1305 ros
618 1232 671 1304 rel
694 1241 807 1304 contra
839 1230 1077 1304 successoribus
1101 1232 1216 1304 vestris
1239 1255 1374 1305 causare
1397 1234 1450 1306 vel
1474 1229 1668 1312 contendere

256 1379 323 1433 non
348 1379 534 1452 queramus.
557 1363 591 1427 et
607 1356 713 1428 tacitis
728 1365 761 1426 et
775 1355 894 1449 quietis
909 1355 1027 1426 exinde
1043 1355 1198 1427 iaciemus
1214 1377 1284 1428 esse
1299 1364 1331 1428 et
1346 1373 1540 1450 permanere
1553 1360 1669 1434 amodo

255 1493 289 1556 et
312 1505 441 1577 semper
464 1505 527 1576 ego
550 1491 583 1552 et
606 1505 698 1553 meos
721 1480 856 1557 heredes
880 1488 993 1551 contra
1015 1503 1075 1552 vos
1098 1489 1131 1553 et
1155 1489 1268 1554 contra
1290 1479 1529 1560 successoribus
1552 1489 1668 1561 vestris

256 1607 410 1682 cunibus
431 1605 495 1678 illis
517 1603 706 1676 hominibus
728 1603 782 1676 vel
804 1601 949 1696 partibus
972 1603 1030 1698 qui
1053 1625 1113 1696 pro
1136 1611 1226 1694 parte
1239 1603 1293 1674 vel
1308 1607 1419 1678 datam
1434 1632 1545 1682 meum
1560 1612 1612 1682 vel
1628 1613 1668 1684 de

258 1735 341 1802 meis
354 1729 527 1802 heredibus
542 1728 582 1799 de
598 1728 761 1822 integrum
777 1728 864 1821 ipsos
879 1725 1017 1820 qualiter
1032 1725 1104 1798 dixi
1117 1724 1169 1796 vel
1185 1725 1303 1799 exinde
1320 1727 1447 1800 censui
1461 1729 1514 1800 vel
1537 1739 1670 1804 conten·
1712 1803 1715 1810 ,

256 1855 334 1926 dere
358 1853 536 1946 quesierint
567 1859 678 1922 contra
710 1872 770 1922 vos
798 1849 853 1920 vel
876 1857 989 1920 contra
1011 1848 1248 1922 successoribus
1270 1850 1386 1924 vestris
1409 1851 1668 1952 quibuscumque

252 1978 358 2048 medis
373 1979 450 2072 quia
475 1980 520 2050 ita
543 1979 628 2050 inter
651 1977 744 2048 uobis
768 1976 886 2049 exinde
909 1975 1143 2070 convenientia
1165 1976 1312 2048 fecimus.
1341 1977 1377 2048 Si
1401 1987 1509 2050 autem
1532 2003 1595 2077 ego
1610 1983 1672 2078 qui

251 2126 346 2196 supra
366 2111 477 2197 petrus
501 2124 609 2175 comes
634 2101 852 2196 langobardus
875 2101 929 2174 vel
943 2124 1033 2174 meos
1048 2102 1183 2174 heredes
1195 2101 1278 2174 hauc
1294 2110 1417 2174 cartam
1432 2107 1666 2180 combenieutie

251 2225 290 2297 de
314 2223 432 2320 quibus
456 2223 599 2296 continet
622 2223 795 2318 aliquando
810 2245 869 2316 per
887 2223 1124 2320 qualecumque
1145 2223 1314 2319 ingenium
1328 2224 1490 2303 remoheri
1506 2231 1663 2323 quesieri.
1805 2327 1806 2331 Ἰ

250 2373 323 2424 mus
343 2361 376 2426 et
398 2375 465 2424 uon
489 2351 760 2443 mmpleberimus
782 2349 876 2420 vobis
892 2353 1070 2445 vestrisque
1096 2351 1333 2424 successoribus
1348 2375 1386 2423 ca
1402 2355 1510 2426 omnia
1525 2357 1664 2450 qualiter
1756 2419 1760 2440 ,

254 2473 433 2565 prelegitur
456 2479 585 2542 centum
608 2469 706 2548 libras
729 2467 800 2538 auri
824 2467 987 2559 purissimi
1003 2492 1086 2562 pena
1106 2487 1161 2540 me
1181 2471 1234 2540 vel
1250 2493 1339 2543 meos
1354 2472 1488 2545 heredes
1502 2478 1598 2548 vobis
1613 2480 1666 2552 vel

253 2600 293 2668 ad
317 2597 554 2671 successorihus
577 2596 692 2667 vestris
715 2615 911 2688 componere
932 2593 1043 2686 obligo
1058 2601 1091 2664 et
1106 2594 1167 2666 hec
1181 2604 1269 2666 carta
1284 2595 1520 2670 cembenientie
1534 2599 1576 2670 de
1590 2604 1668 2696 qui-

251 2719 313 2790 bus
338 2721 481 2790 continet
502 2717 643 2813 qualiter
665 2716 844 2806 secuudum
864 2715 974 2828 legem
996 2721 1080 2785 stare
1102 2722 1209 2810 potest
1232 2714 1325 2786 firma
1348 2727 1544 2810 permaneat.
1569 2731 1603 2791 et
1617 2732 1668 2797 ta-

249 2847 325 2918 liter
347 2865 410 2938 ego
433 2843 493 2938 qui
514 2863 612 2936 supra
637 2849 747 2936 petrus
771 2861 879 2910 comes
901 2837 1117 2932 langobardus
1133 2837 1272 2934 qualiter
1288 2839 1373 2912 iuter
1391 2841 1486 2932 uobis
1502 2847 1665 2918 comveuit

249 2973 429 3048 secuudum
460 2971 565 3066 legem
588 2969 660 3042 teci.
690 2977 723 3038 et
746 2974 779 3044 te
801 2975 931 3062 petrum
953 2965 1118 3038 notarium
1141 2967 1201 3062 qui
1224 2966 1414 3040 interfuistis
1436 2969 1575 3042 scribere
1599 2995 1663 3046 ro·

248 3099 335 3191 gavi.
359 3099 467 3191 Capua

152 3286 157 3294 .
255 3293 263 3302 ,
346 3222 378 3318 †
402 3221 565 3292 Autcmus
589 3222 647 3316 qui
669 3243 764 3315 supra
788 3221 991 3316 cappellanus
1014 3229 1047 3291 et
1070 3222 1185 3296 missus
1209 3223 1334 3298 domiui
1357 3225 1503 3300 Heinrici
1525 3197 1662 3323 piissimi
1696 3299 1698 3302 .

160 3559 164 3570 ¹
343 3474 470 3570 †Ege
494 3475 552 3568 qui
575 3496 672 3566 supra
706 3475 817 3545 lentio
847 3475 963 3580 missus
988 3475 1113 3556 domini
1137 3478 1342 3574 imperatoris
1365 3480 1497 3554 intertui
1521 3489 1553 3554 et
1575 3482 1662 3556 ruh-

246 3597 361 3692 scripsi
882 3677 886 3680 ,
919 3585 930 3606 ’
1022 3599 1027 3606 ’

249 3797 279 3822 „-
346 3717 377 3814 †
401 3741 463 3814 ego
487 3718 544 3813 qui
568 3741 667 3812 supra
691 3717 902 3792 adelmuudus
926 3719 1025 3794 iudex

345 3841 377 3942 †
402 3867 465 3939 ego
487 3845 546 3940 qui
570 3867 665 3939 supra
689 3854 801 3938 petrus
822 3844 922 3921 iudex

346 3968 378 4068 †
401 3992 463 4066 ego
484 3981 594 4064 petrus
617 3971 716 4048 iudex
