4896 6522
1411 557 1425 655 i
1448 563 1492 644 5⁶
1517 555 1530 650 i

769 729 840 796 roto
862 727 896 796 et
916 721 952 796 in
974 717 1099 818 aliquid
1121 716 1252 794 ob'ensis
1273 716 1430 792 furimus
1453 734 1512 806 per
1535 711 1655 808 quovis
1678 710 1820 784 modun
1843 717 1902 786 rut
1916 711 2097 786 summissis
2111 736 2195 812 per-

763 845 954 919 sonisfiuno
976 841 1203 938 componimus
1225 839 1286 912 tibi
1310 838 1441 932 tuisque
1463 832 1639 906 heredibus
1661 831 1736 904 nuri
1759 831 1885 908 solidos
1907 835 2098 932 quindecim
2120 837 2191 932 by-

762 937 947 1042 ibinnteos:
982 975 1015 1036 et
1044 966 1107 1038 bec
1140 958 1286 1032 charmin
1308 955 1506 1030 venditionis
1529 953 1576 1028 ud
1599 975 1699 1050 super
1724 951 1847 1050 legitur
1870 955 1922 1028 sid
1945 958 2040 1028 firma
2072 960 2193 1054 scripto

765 1113 825 1186 por
838 1085 1082 1182 munusqiosepb
1096 1082 1227 1156 curialis
1241 1078 1383 1153 scribere
1397 1083 1532 1170 rogabis
1546 1098 1605 1171 per
1624 1085 1806 1148 memorato
1823 1078 1951 1151 decimu
1965 1080 2187 1156 indictionem.

763 1215 883 1311 †boo
905 1215 1033 1308 signnm
1056 1211 1088 1302 †
1111 1197 1245 1278 manun'n
1268 1203 1441 1276 memorati
1455 1203 1548 1298 ¹petri
1572 1204 1631 1300 qui
1663 1203 1851 1276 nominatur
1882 1206 1923 1277 do
1954 1229 2081 1281 succum
2114 1233 2191 1281 cum

763 1357 953 1412 consensum
976 1341 1010 1406 et
1032 1332 1197 1408 voluntate
1220 1341 1399 1406 memorate
1421 1341 1570 1404 murone
1592 1330 1727 1426 coniugi
1750 1351 1808 1404 suo
1832 1336 1922 1430 quod
1945 1357 2007 1430 ego
2030 1336 2088 1432 qui
2112 1359 2190 1406 nre-

721 1521 723 1528 .
764 1471 904 1536 moratos
927 1481 989 1556 pro
1014 1457 1062 1530 eis
1084 1455 1262 1551 subscripsi
1283 1465 1318 1528 et
1340 1455 1512 1554 memorati
1534 1455 1597 1528 tori
1620 1453 1785 1526 confessus
1808 1456 2037 1554 percepisse†

861 1585 894 1681 †
917 1605 980 1680 ego
1004 1580 1132 1675 sergius
1155 1578 1244 1652 filius
1268 1578 1393 1652 domini
1415 1577 1560 1676 gregorii
1574 1575 1727 1650 monachi
1742 1577 1814 1650 testi
1828 1577 2004 1674 subscripsi
2020 1591 2053 1651 et
2067 1603 2190 1674 supro-

766 1713 880 1810 scripu
903 1711 970 1783 turi
992 1709 1157 1782 confessuro
1180 1707 1408 1804 percepisse†

862 1832 895 1932 †
915 1855 984 1927 ego
1006 1839 1116 1927 petrns
1140 1830 1226 1910 filius
1249 1829 1372 1904 domini
1397 1829 1549 1904 iohannis
1572 1833 1646 1904 testi
1669 1832 1845 1929 subscripsi
1860 1841 1892 1906 et
1906 1832 2114 1928 suprascripti
2128 1835 2191 1906 tari

771 1961 937 2032 consonus
958 1957 1138 2054 percepisse
1152 1950 1185 2048 †
1506 2055 1568 2071 .-

856 2087 1001 2185 †uro
1025 2093 1265 2169 susurrone
1294 2093 1471 2158 <surore
1503 2096 1564 2158 nn
1595 2091 1802 2158 nnrrnrru
1832 2093 1957 2160 nncrr
1988 2057 2099 2158 5651}
2130 2087 2191 2155 nn

765 2187 860 2290 ‹Tc‘n'r
881 2223 982 2288 nun
996 2189 1103 2285 ion
1123 2221 1401 2286 nsnnnmcon
1422 2211 1455 2311 †

863 2338 989 2436 †ligo
1015 2337 1128 2436 ioseph
1152 2339 1290 2411 Curialis
1313 2339 1371 2434 qui
1394 2340 1628 2436 superscriptos
1659 2347 1733 2436 post
1760 2338 2030 2436 subscriptionem
2059 2342 2188 2416 testium

768 2467 928 2566 complevi
951 2476 985 2546 et
1006 2465 1129 2545 absolvi
1151 2489 1212 2564 pcr
1235 2473 1415 2542 memorata
1437 2465 1610 2552 undecimo
1631 2465 1856 2563 indictione†
