4896 6522
1387 594 1507 690 (⁶2)

743 772 918 868 aliquando
942 775 1147 864 quacumque
1180 757 1429 856 requesicionem
1462 747 1525 818 eud
1548 743 1695 818 molestie
1720 763 1779 836 per
1801 741 1930 814 nullum
1955 743 2092 816 modum
2116 769 2178 819 nee

742 919 802 988 per
826 891 1011 964 summissas
1033 905 1186 981 personas
1215 904 1234 949 n
1258 898 1344 948 nunc
1368 879 1401 942 et
1423 867 1459 938 in
1481 865 1645 960 perpetuis
1668 863 1892 958 temporibus:
1919 868 2054 962 Insuper
2077 879 2112 940 et
2134 873 2176 943 ab
2238 913 2239 917 =

745 1023 834 1092 omni
858 1018 1006 1089 homines
1045 999 1379 1108 omniquepersonis
1404 992 1662 1086 omnitempore
1695 1014 1758 1084 ego
1782 1001 1816 1062 et
1839 992 1976 1065 heredes
2000 997 2080 1066 meis
2114 998 2176 1070 tivi

732 1147 881 1239 ‚tuisque
912 1139 1084 1212 heredibus
1120 1131 1236 1206 exinde
1271 1131 1305 1198 in
1329 1122 1479 1196 omnibus
1518 1127 1675 1193 antestare
1714 1129 1748 1190 et
1785 1120 1950 1195 defensare
1989 1123 2172 1196 debeamus.

744 1275 877 1364 propter
901 1263 990 1357 quod
1013 1257 1121 1348 occepi
1145 1278 1164 1324 n
1183 1259 1215 1320 te
1239 1247 1357 1320 exinde
1380 1247 1415 1316 in
1432 1243 1591 1339 proeentis
1614 1242 1700 1312 ldsst
1723 1241 1797 1328 nuri
1821 1243 1883 1314 teri
1906 1244 2019 1316 decem
2041 1257 2074 1318 et
2099 1268 2173 1338 sep-

746 1399 811 1460 tem
836 1389 869 1458 in
883 1403 980 1454 omne
995 1376 1157 1450 decisione
1180 1395 1239 1444 seu
1262 1368 1516 1442 deliberatione:
1542 1365 1629 1450 Quis
1651 1364 1696 1434 in
1721 1363 1768 1433 sic
1790 1363 1883 1436 nobis
1906 1366 2105 1460 complacui:
2130 1369 2168 1439 si

747 1525 853 1587 autem
878 1509 970 1580 aliter
1008 1501 1181 1577 fecerimus
1203 1499 1244 1570 de
1267 1499 1296 1570 is
1318 1495 1468 1568 omnibus
1490 1491 1674 1566 memoretis
1705 1511 1763 1583 per
1797 1491 1916 1588 quobis
1939 1494 2075 1564 modum
2116 1505 2174 1566 aut

746 1633 923 1712 summissis
946 1627 1092 1724 personis
1115 1633 1193 1696 tunc
1216 1641 1379 1714 compono
1401 1641 1464 1712 ego
1487 1614 1668 1689 etheredus
1691 1612 1773 1686 meis
1797 1614 1856 1684 sivi
1878 1613 2008 1709 tuisque
2034 1615 2171 1688 beredi-

594 1773 596 1786 ·
747 1761 808 1829 bus
848 1753 921 1824 auri
947 1748 1066 1821 solidos
1088 1745 1188 1819 boeto
1220 1739 1426 1836 bylbisnteos
1453 1745 1486 1806 et
1518 1759 1557 1808 ec
1588 1733 1734 1806 chartule
1763 1733 1960 1806 venditionis
1991 1738 2038 1808 ud
2069 1760 2166 1834 super

748 1885 867 1978 legitur
889 1880 930 1950 sit
952 1878 1065 1949 firme:
1091 1872 1210 1965 scripta
1233 1891 1292 1964 per
1315 1885 1428 1938 manus
1451 1862 1536 1957 petri
1558 1861 1691 1934 curialis
1713 1883 1772 1956 per
1794 1869 1971 1934 memorate
1996 1861 2169 1936 undecima
2237 1889 2248 1910 ·

664 1995 672 2002 ¹
750 2009 943 2083 indictione:
970 2006 1043 2075 Hoc
1066 2002 1194 2094 signum
1216 1996 1248 2092 †
1270 2016 1385 2066 manns
1409 1991 1581 2066 memorati
1603 1985 1750 2060 iobsnnis
1773 1987 1901 2060 ferrarii
1917 2008 1992 2058 enm
2005 2009 2168 2062 consensu

749 2143 926 2208 memorata
949 2129 1050 2202 marie
1075 2125 1207 2220 coniugi
1230 2145 1289 2197 sue
1311 2122 1401 2219 quod
1424 2145 1485 2216 ego
1508 2121 1568 2214 qui
1591 2126 1788 2190 memoretos
1800 2137 1862 2211 pro
1875 2114 1923 2186 eis
1938 2113 2116 2210 subscripsi
2131 2126 2171 2188 et

751 2255 921 2330 memorati
943 2255 1006 2324 tari
1030 2249 1162 2330 undibrs
1185 2247 1254 2319 ridi
1277 2243 1308 2340 †

848 2383 963 2476 †ego
986 2377 1155 2472 gregorim
1187 2375 1273 2447 fidius
1305 2371 1429 2444 domini
1460 2369 1576 2442 stefani
1609 2369 1683 2442 testi
1713 2367 1886 2462 subumipsi
1909 2377 1944 2440 et
1965 2370 2173 2464 suprascripsi

752 2511 812 2582 teri
836 2511 998 2580 confessus
1022 2502 1201 2598 percepisse
1224 2501 1256 2597 †
1578 2480 1581 2488 ’

844 2627 876 2722 †
899 2650 960 2722 ego
984 2626 1147 2718 eligemus
1170 2621 1257 2693 filius
1281 2621 1404 2695 domini
1427 2619 1526 2716 sergii
1549 2619 1623 2691 testi
1647 2617 1822 2711 subscripsi
1838 2625 1870 2688 el
1885 2619 2094 2714 suprascripti
2107 2611 2172 2692 teri

753 2753 914 2824 confessus
937 2747 1118 2844 percepisse
1140 2740 1172 2836 †
1936 2825 1937 2828 Ἴ

846 2877 973 2973 †Ego
997 2873 1128 2969 Sergius
1150 2871 1286 2944 Curielis
1325 2873 1414 2944 iestis
1452 2870 1627 2964 subscripsi
1651 2877 1684 2942 et
1707 2871 1879 2942 memorati
1916 2871 1980 2943 tari
2003 2871 2166 2944 confessus

754 3007 933 3102 percepisse
955 3003 986 3100 †
2179 3041 2182 3048 .

795 3227 799 3236 Δ
847 3125 973 3221 †Epo
995 3133 1105 3219 petrus
1129 3123 1266 3197 Gurielis
1289 3121 1458 3214 Compleri
1487 3129 1520 3192 et
1552 3120 1677 3192 absolvi
1705 3143 1764 3216 per
1802 3135 1979 3200 memorate
2004 3129 2171 3202 undecimo

755 3246 930 3324 indictione
955 3245 986 3343 †
1596 3267 1603 3282 ’
2206 3207 2218 3215 ’
