4882 6534
1369 572 1512 668 (sac)

735 753 867 852 quanm
892 759 1036 845 tempora
1060 749 1133 816 ante
1156 735 1266 810 omnia
1288 730 1416 826 questio
1437 733 1547 799 nostra
1570 725 1638 798 tint
1661 743 1766 800 vocuo
1790 737 1824 800 ct
1846 733 1956 806 una.
1980 743 2013 808 st
2027 739 2163 835 insopor

738 877 969 976 spopondimus
991 890 1051 944 nos
1074 873 1107 936 ct
1127 871 1255 937 nostros
1278 855 1413 930 herodes
1436 851 1562 947 tibique
1585 847 1724 924 domino
1748 853 1888 934 iohanne
1910 861 2083 953 imperinm
2098 889 2158 936 ω.

738 1029 809 1078 mes
831 1013 865 1073 ct
888 993 1040 1070 triumvir
1064 990 1192 1088 tuisqua
1214 981 1446 1062 herodibusin
1468 977 1584 1050 cadom
1607 985 1724 1071 aptum
1748 988 1836 1055 tanta
1859 992 1892 1056 st
1913 985 1976 1058 taio
1998 986 2177 1062 heraclitas·

739 1122 864 1200 edificia
888 1129 953 1190 tam
976 1116 1011 1186 in
1034 1113 1149 1187 aodsm
1172 1109 1245 1180 ioco
1266 1106 1352 1206 sicut
1374 1104 1415 1176 dc
1439 1102 1585 1180 donnum
1609 1099 1777 1196 launegild
1799 1106 1890 1201 quod
1905 1106 2059 1179 incdicto
2075 1112 2155 1203 tagis

737 1245 820 1320 sario
843 1241 999 1334 scriptum
1023 1235 1076 1308 vel
1099 1231 1299 1304 affirmatum
1325 1235 1390 1300 cat.
1420 1223 1463 1294 Et
1486 1221 1583 1330 ‚hunc
1607 1223 1765 1317 scripum
1788 1227 1972 1304 donationis
1996 1237 2031 1302 ct
2054 1231 2160 1304 tradi-

740 1371 836 1454 tionis
866 1369 902 1438 in
937 1362 1119 1459 supradicta
1155 1357 1279 1436 rationo
1295 1353 1441 1430 »firmam
1475 1361 1509 1424 ct
1523 1347 1687 1425 stabilem
1719 1363 1905 1447 parmaneat
1936 1357 1972 1428 in
2007 1367 2160 1451 perpetuo

740 1511 902 1592 tempore.
933 1495 1041 1580 Quam
1065 1499 1098 1560 tc
1121 1501 1367 1562 rossemannum
1390 1481 1565 1552 diaconum
1588 1488 1621 1549 et
1645 1480 1825 1554 notarium.
1847 1481 1931 1555 hnnc
1953 1493 2078 1557 cartam
2096 1487 2159 1558 to-

743 1625 885 1696 nationis
907 1621 1021 1716 scripsi
1044 1626 1078 1688 et
1100 1614 1260 1692 interfuit.
1292 1611 1410 1682 Actum
1434 1607 1468 1678 in
1493 1604 1624 1682 civitate
1646 1605 1768 1680 lucarie
1793 1629 1903 1684 mansa
1926 1617 1959 1684 ct
1983 1611 2156 1688 indictione

742 1746 955 1846 superscripsi
977 1741 1129 1816 inlicitor.

837 1871 963 1970 †Ego
987 1869 1044 1962 qui
1067 1888 1164 1958 supra
1187 1861 1371 1936 benedictus
1394 1859 1502 1934 iudica
1526 1857 1558 1958 †

746 2059 748 2066 ,
836 1997 961 2088 †Ego
984 1991 1153 2085 trupoaldo
1176 1997 1254 2060 tcste

828 2117 871 2216 ¹†
893 2115 966 2212 Epo
988 2113 1129 2210 Capolao
1154 2119 1232 2184 teste

1360 2479 1572 2555 ccctxxv.

603 2783 665 2848 AB·
838 2741 869 2834 †
892 2741 929 2812 ln
951 2738 1083 2820 nominc
1105 2737 1231 2812 donini
1254 2742 1358 2812 nostri
1380 2740 1475 2815 than
1499 2742 1620 2814 christi.
1646 2741 1806 2815 vicesimo
1828 2741 1932 2835 primo
1956 2761 2041 2811 anno
2063 2741 2160 2832 prin-

582 2912 690 2977 1039·
746 2874 868 2968 cipatus
885 2870 1008 2948 ⁴salerni
1032 2869 1156 2942 tiornini
1179 2869 1362 2964 guaymarii
1394 2869 1530 2962 gtoeiosi
1553 2869 1723 2963 principis.
1754 2892 1791 2940 cc
1822 2868 1926 2961 primo
1949 2889 2035 2938 anno
2059 2867 2157 2956 prin-

747 2998 872 3090 cipatus
896 2997 967 3068 eins
989 3017 1092 3089 capus
1115 3017 1224 3068 mcnsn
1247 2994 1364 3090 aprelis
1386 2995 1522 3087 septima
1546 2995 1897 3092 indictionc.1daoquc
1921 3018 1979 3066 nos
2004 2993 2160 3064 lohannes

748 3125 874 3198 domini
899 3123 1001 3218 grstia
1024 3123 1121 3196 abbas
1144 3125 1330 3198 monasterii
1353 3124 1438 3196 beati
1462 3125 1611 3196 laurentii
1633 3126 1730 3198 iabitn
1751 3137 1786 3196 ct
1808 3125 1948 3198 martiris
1970 3123 2085 3194 christi
2109 3121 2159 3191 si-

749 3255 801 3320 tus
832 3247 918 3321 intro
951 3246 1033 3320 hanc
1066 3267 1245 3340 capuanam
1277 3245 1460 3318 cibitntem.
1490 3227 1557 3317 non
1589 3247 1687 3340 longo
1718 3273 1737 3318 a
1768 3263 1858 3344 porta
1889 3273 1953 3346 qua
1984 3243 2158 3344 appellatur

749 3397 906 3469 capuana.
937 3375 1061 3448 Notum
1084 3396 1152 3446 csse
1176 3375 1328 3446 nolumus
1351 3374 1503 3446 omnibus
1527 3374 1675 3448 fidelihus
1697 3387 1805 3446 nostre
1829 3379 1947 3470 prefme
1972 3385 2078 3447 sancta
2103 3399 2161 3444 cc-

749 3499 854 3574 clesie.
878 3500 1031 3580 videlicet
1053 3499 1254 3598 prcscptihus
1276 3509 1309 3570 ct
1333 3501 1451 3572 futuris
1466 3499 1708 3572 ndbcnientibns
1723 3502 1874 3592 qnoniam
1887 3505 2059 3592 stephanus
2076 3521 2161 3593 prc-

748 3624 859 3716 sbytac
892 3631 926 3696 at
948 3620 1127 3692 monachus
1149 3630 1259 3692 noster
1281 3623 1504 3694 coniratsraus
1527 3623 1610 3692 titius
1631 3623 1795 3714 qnondam
1819 3623 1921 3694 taoni.
1939 3623 2040 3693 atros
2066 3621 2163 3694 nobis

749 3751 921 3835 argentum
946 3741 1142 3840 cineracium
1157 3727 1333 3837 spectatrirn
1347 3745 1446 3828 iibrm
1465 3749 1542 3820 duna
1556 3747 1598 3818 ni
1612 3745 1693 3816 libra
1708 3745 1792 3818 insta
1807 3749 1850 3818 dc
1864 3769 1962 3819 canra
1973 3757 2161 3841 pressatum

750 3875 784 3938 et
806 3870 919 3942 dcnnri
943 3871 983 3944 de
996 3877 1116 3968 ottone
1139 3871 1294 3948 balicntcs
1317 3875 1379 3947 alic
1402 3877 1484 3946 libra
1508 3876 1572 3946 due
1594 3875 1683 3970 quod
1707 3875 1789 3946 fiunt
1804 3874 2068 3946 simulsbalicntcs
2083 3883 2164 3945 taras

749 4019 865 4072 aureos
890 3995 994 4071 bonos
1017 3996 1226 4090 hoctoaginta
1250 4011 1419 4094 quattuor.
1451 4001 1545 4072 Unde
1559 3998 1822 4094 ¹comparabimus
1851 4019 1911 4090 pro
1934 4009 2024 4091 parta
2048 4021 2161 4092 snpra·

748 4123 988 4216 scriptinostri
1012 4125 1217 4198 monasterii.
1247 4137 1348 4200 terras
1381 4151 1447 4223 quc
1477 4137 1553 4200 sunt
1575 4129 1661 4221 petia
1685 4128 1830 4224 quinque
1853 4127 1888 4198 in
1911 4127 2029 4198 tinibus
2053 4136 2160 4196 monta

749 4252 905 4324 marsico.
936 4253 1084 4336 Quarum
1108 4255 1213 4344 prima
1236 4278 1279 4326 cx
1303 4256 1372 4348 ipso
1396 4255 1431 4326 in
1455 4255 1529 4326 loco
1553 4257 1611 4330 ubi
1635 4257 1754 4328 dicitur
1778 4253 1986 4348 plumbariiski
2003 4252 2156 4324 conomi-

749 4385 845 4446 natur
869 4372 935 4456 alin
954 4374 1053 4450 lauru
1071 4377 1157 4452 ¹finis
1180 4378 1293 4450 habat.
1325 4381 1366 4450 dc
1390 4399 1457 4448 uno
1482 4379 1582 4450 latare
1613 4380 1677 4450 tino
1701 4388 1787 4451 tarra
1808 4377 1941 4450 occissis
1962 4385 2068 4448 sancte
2093 4399 2158 4449 an-

749 4500 841 4574 dree.
872 4499 970 4574 habet
993 4503 1067 4578 indo
1090 4527 1148 4598 per
1171 4503 1306 4597 longum
1328 4525 1439 4598 passus
1461 4503 1681 4599 septuaginta.
1712 4504 1779 4576 alin
1801 4503 1902 4577 lutere
1925 4503 1986 4574 fina
2010 4515 2096 4576 tarro
2121 4507 2161 4577 ic

749 4625 882 4698 herodes
905 4627 1072 4722 quondum
1095 4627 1261 4722 gundolfi.¹
1282 4639 1314 4700 ct
1337 4629 1412 4702 inda
1435 4629 1534 4702 habet
1556 4645 1666 4722 passos
1685 4630 1892 4724 septuaginta
1910 4639 2073 4722 quattuor.
2091 4631 2162 4700 Una

749 4748 855 4839 capita
879 4749 944 4824 tine
967 4752 1021 4824 vic
1045 4751 1191 4846 publica.
1222 4753 1318 4824 habet
1349 4753 1424 4830 intlo
1452 4777 1512 4848 per
1536 4751 1718 4826 trabcrsum
1740 4773 1852 4846 passus
1878 4755 1996 4847 viginti
2021 4753 2155 4831 nobam.

750 4873 816 4948 asin
847 4878 951 4970 capita
983 4879 1047 4952 fine
1082 4889 1168 4952 terra
1199 4884 1407 4979 suprascripti
1439 4882 1541 4956 nostri
1566 4881 1756 4956 monastarii
1780 4879 1815 4954 c't
1838 4883 1913 4957 inda
1935 4881 2031 4955 hahet
2053 4899 2164 4974 pamm
