4896 6522
1421 525 1565 623 (¹⁰⁰)

1452 825 1558 898 CCIII.

635 1083 714 1157 dn.
882 1085 915 1181 †
939 1087 976 1156 In
997 1081 1130 1156 nomine
1150 1077 1274 1152 domini
1296 1077 1350 1150 dei
1372 1073 1539 1150 curatoris
1561 1076 1665 1150 metri
1686 1075 1783 1151 Ihesu
1805 1077 1925 1154 cursu
1949 1083 2128 1179 imperante
2144 1087 2213 1160 do-

631 1217 736 1281 tot'f.
788 1213 877 1290 mino
898 1217 1010 1283 nostro
1028 1206 1148 1280 besilio
1167 1227 1291 1300 muguu
1313 1204 1509 1300 inpetrem
1537 1225 1622 1278 mo
1644 1208 1916 1304 qumqungesimo
1939 1212 2075 1308 septimo
2098 1215 2154 1286 sed
2177 1223 2211 1289 et

787 1329 987 1408 consuntiuu
1131 1429 1133 1433 Ι
1361 1328 1414 1404 die
1437 1328 1575 1426 septimo
1598 1329 1717 1402 mensis
1728 1331 1872 1405 ianuarii
1895 1333 2072 1408 indictione
2095 1338 2205 1433 quinto

787 1459 911 1536 Mn·
930 1455 1079 1555 noch:
1104 1455 1241 1532 Certum
1262 1467 1311 1532 est
1333 1479 1386 1531 me
1409 1453 1549 1532 iubente
1572 1457 1759 1554 presbytero
1782 1459 1850 1533 titio
1872 1461 2037 1556 quondum
2062 1463 2206 1558 stephani

787 1583 984 1680 presbytmie
1006 1605 1070 1680 ego
1093 1591 1203 1658 mmm
1223 1605 1286 1678 pro
1307 1581 1380 1656 bine
1401 1605 1476 1656 mee
1497 1591 1531 1655 ct
1553 1603 1614 1678 pro
1637 1583 1709 1655 hice
1732 1583 1818 1660 Iconi
1849 1586 2129 1682 uterinIgermcni
2150 1585 2213 1660 mei

1077 1707 1288 1780 ubitutoribus
1311 1715 1419 1782 nutem
1442 1708 1477 1782 iu
1500 1705 1572 1778 loco
1594 1707 1654 1803 qui
1676 1709 1863 1782 nominetur
1885 1711 1993 1782 miens
2015 1709 2072 1782 hut
2091 1719 2201 1784 amone

788 1839 867 1914 foris
878 1835 1033 1912 flubcumr
1050 1837 1081 1908 A
1096 1833 1235 1930 presenti
1249 1832 1301 1906 die
1316 1831 1531 1928 promtIssima
1545 1833 1712 1910 voluntue
1726 1835 1951 1929 promictImus
1967 1837 2061 1911 bobis
2076 1838 2207 1912 domino

788 1965 931 2060 pancrati
954 1961 1128 2038 venerabili
1150 1963 1304 2056 igumeno
1326 1959 1513 2034 monasterti
1534 1969 1721 2034 sanctorum
1743 1963 1840 2058 sergi
1863 1973 1895 2036 et
1910 1965 2027 2038 bechi:
2045 1965 2102 2059 qui
2116 1987 2205 2038 nune

788 2096 1001 2186 congregatus
1024 2096 1072 2162 est
1094 2087 1129 2160 in
1152 2086 1347 2161 monasterio
1368 2093 1551 2160 sanctorum
1572 2085 1721 2160 theodori
1744 2096 1776 2160 et
1798 2087 1967 2160 sebastiani
1987 2090 2047 2184 qui
2066 2092 2209 2185 appelle-

787 2230 842 2294 tur
864 2217 1020 2313 ecsupicte
1035 2215 1132 2288 situm
1155 2217 1190 2288 in
1212 2215 1415 2290 biridiurium
1425 2242 1437 2310 ;
1464 2222 1497 2289 et
1519 2223 1552 2286 ut
1575 2223 1672 2288 eunte
1695 2223 1798 2288 restra
1815 2201 2067 2310 congregatione
2090 2239 2206 2290 monn-

789 2347 927 2420 chorum
950 2343 1119 2418 memorati
1142 2341 1243 2415 sancti
1269 2351 1302 2416 et
1334 2342 1525 2416 uenerabilis
1557 2343 1656 2416 vestri
1688 2341 1890 2413 monasterii:
1922 2351 2054 2438 propter
2078 2344 2204 2438 Integre

787 2485 872 2548 terra
896 2481 1000 2545 vestre
1024 2495 1089 2566 que
1112 2479 1248 2543 vocetur
1270 2471 1310 2544 ed
1333 2470 1388 2542 ilh
1412 2472 1495 2544 fosse
1512 2471 1617 2567 positu
1633 2471 1668 2542 in
1684 2479 1862 2544 memorato
1879 2469 1953 2540 loco
1970 2471 2051 2542 foris
2066 2470 2207 2546 flubeum

788 2609 944 2698 qnantum
968 2607 1018 2672 est
1040 2597 1258 2671 erhustutum:
1285 2621 1351 2670 una
1374 2623 1451 2672 cum
1475 2598 1643 2672 arboribus
1667 2563 1839 2671 fructiferis
1863 2599 1916 2670 uel
1946 2599 2154 2672 infructiferis
2175 2609 2204 2670 et

787 2751 863 2804 cum
885 2726 1056 2802 introitum
1078 2747 1176 2800 suum
1198 2735 1232 2797 et
1255 2727 1406 2800 omnibus
1429 2727 1491 2801 sibi
1514 2727 1766 2824 pertinentibus:
1792 2725 1966 2800 coherente
1988 2726 2051 2798 sibi

927 2865 965 2930 et
989 2881 1009 2928 u
1032 2854 1110 2928 foris
1134 2855 1242 2950 ipsum
1257 2854 1401 2930 dubeum
1567 2863 1673 2926 vestre
1688 2863 1720 2928 et
1735 2853 1844 2929 ribum
1860 2863 2001 2927 uestrum
2017 2852 2074 2948 qui
2088 2851 2201 2924 nomi-

789 2991 886 3057 nntur
900 2983 940 3056 de
955 2981 1094 3055 iohanne
1949 2979 2206 3073 reserbesh'spe·

696 3177 698 3181 ,
788 3117 901 3182 testute
924 3131 986 3204 pro
1009 3107 1065 3180 ifle
1089 3129 1194 3181 esces:
1221 3116 1254 3179 et
1277 3107 1317 3180 de
1340 3105 1402 3179 elie
1425 3113 1515 3202 perte
1539 3106 1671 3180 ooberet
1955 3103 2009 3175 itte
2031 3125 2102 3176 esce
2121 3125 2204 3198 quo-

788 3234 885 3306 modo
909 3255 993 3331 equa
1016 3233 1143 3307 exfinet.
1168 3233 1266 3308 etiem
1288 3242 1322 3305 et
1345 3233 1452 3327 ipsum
1475 3231 1585 3304 n'bum
1608 3254 1684 3304 cum
1708 3230 1762 3304 ille
1778 3231 1907 3326 scepule
1922 3231 1958 3306 in
1974 3239 2078 3306 vestre
2093 3250 2201 3302 reser-

787 3357 885 3429 bestir
906 3365 1109 3452 potestutem:
1131 3357 1173 3430 de
1197 3379 1264 3428 uuo
1286 3356 1391 3450 cupite
1415 3381 1433 3425 e
1458 3365 1550 3450 purte
1573 3356 1613 3428 de
1630 3357 1723 3430 illum
1739 3365 1882 3430 montem
1906 3366 2051 3428 vestrum
2076 3354 2203 3427 ooberet

788 3494 873 3556 terre
897 3494 1005 3556 vestre
1027 3483 1198 3555 memorati
1221 3484 1320 3556 vestri
1343 3482 1529 3556 monosterii
1552 3505 1618 3581 que
1642 3483 1676 3554 in
1700 3493 1804 3556 vestre
1823 3479 2005 3554 reserbostis
2028 3487 2203 3574 potestate:

788 3613 820 3676 et
842 3627 886 3676 ex
909 3605 974 3676 elio
996 3606 1100 3698 cupite
1122 3606 1158 3676 in
1180 3607 1296 3699 pedem
1319 3629 1362 3678 ex
1384 3605 1453 3698 ipsa
1476 3615 1560 3678 terra
1585 3617 1688 3678 vestre
1704 3631 1745 3678 ex
1765 3615 1850 3678 terre
1867 3603 2022 3676 heredum
2038 3605 2202 3700 quondum

786 3730 911 3804 bebitto
933 3753 1072 3824 pucum:
1097 3755 1176 3827 ques
1201 3755 1279 3804 vero
1302 3741 1479 3804 memorate
1495 3733 1618 3829 Integre
1634 3743 1718 3806 terra
1733 3745 1837 3806 vestm
1854 3733 1934 3806 iuris
1950 3733 2121 3805 memoruti
2139 3755 2203 3804 ve-

722 3855 726 3862 ’
788 3861 845 3932 stri
870 3859 1054 3931 monasterii
1077 3858 1216 3956 quufiter
1239 3881 1297 3949 per
1319 3859 1517 3932 coherenties
1541 3858 1614 3932 illos
1637 3861 1900 3956 exegroguhImus
1922 3867 1959 3934 ut
1974 3883 2072 3956 super
2086 3860 2208 3955 legitur

786 3983 868 4058 nnihr'
892 3997 1070 4058 memorato
1092 3983 1223 4056 ioheuui
1246 3985 1434 4080 presbytero
1456 3995 1489 4059 et
1512 3993 1544 4056 ut
1577 3995 1755 4058 memorato
1778 3985 1870 4058 leone
1894 4007 2049 4080 germano
2073 4007 2147 4058 meo
2172 3993 2204 4059 et

787 4121 818 4185 at
840 4113 957 4186 nostris
979 4112 1117 4208 propriis
1140 4111 1310 4184 heredibus
1333 4115 1407 4186 illos
1431 4111 1560 4186 dedistis
1583 4112 1619 4184 in
1642 4113 1773 4210 colligis
1796 4125 1829 4186 ot
1848 4115 2061 4189 liboreudum
2087 4123 2120 4188 ut
2142 4113 2203 4186 de-

786 4240 972 4314 tinendum:
998 4241 1034 4314 iu
1056 4263 1097 4312 eo
1120 4249 1231 4311 tenore
1254 4248 1290 4310 ut
1313 4241 1388 4312 cbto
1411 4248 1556 4334 tempore
1584 4265 1643 4315 nos
1667 4251 1699 4316 et
1720 4244 1859 4338 propriis
1890 4245 2007 4317 nostris
2034 4243 2204 4320 heredibus

787 4362 858 4434 iilos
881 4385 962 4436 eene
986 4373 1018 4433 et
1041 4362 1182 4456 diligiter
1204 4361 1349 4434 laborare
1374 4373 1407 4436 et
1429 4363 1568 4438 osculere
1593 4375 1626 4435 et
1649 4375 1682 4434 et
1704 4365 1872 4438 mehorem
1888 4365 2012 4438 cultum
2026 4367 2204 4458 perducere

1117 4511 1192 4562 cum
1218 4489 1317 4564 bobes
1340 4501 1466 4564 nostros
1489 4501 1523 4566 et
1545 4493 1758 4566 conciaturius
1778 4501 1811 4564 et
1826 4493 1935 4566 omniu
1949 4515 2089 4588 expense
2104 4513 2207 4564 ceusu

1119 4612 1155 4682 ni
1177 4635 1282 4685 annue
1305 4637 1424 4710 ponere
1448 4622 1481 4688 et
1504 4613 1645 4709 plantare
1660 4613 1832 4688 hiemo
1851 4615 1909 4688 ubi
1927 4637 2094 4688 necessum
2110 4615 2208 4688 fueris

789 4750 826 4813 ut
841 4742 995 4815 merueris
1011 4749 1044 4813 et
1057 4741 1118 4838 ipsi
1132 4741 1261 4814 arbores
1274 4747 1421 4838 happens
1437 4750 1471 4814 et
1483 4741 1696 4837 propaginare
1713 4763 1806 4814 seum
1819 4751 1931 4837 potore
1943 4741 2117 4816 debeemus
2128 4764 2211 4838 quo·

790 4863 889 4938 modo
903 4868 1079 4940 meruerIs:
1095 4875 1128 4939 et
1139 4867 1369 4966 quodcumque
1383 4863 1473 4938 omni
1489 4887 1594 4938 mnne
1609 4865 1730 4941 ibidem
1744 4867 1914 4941 fecerimus
1931 4866 1966 4939 in
1988 4866 2137 4964 quotibet
2150 4888 2208 4942 ss·
