4888 6528
1424 581 1564 675 (roe)

782 764 860 858 ipsis
884 760 942 856 qui
965 777 1062 852 supra
1085 755 1192 826 aloara
1214 755 1247 820 et
1269 740 1470 822 landonolfus
1493 737 1694 832 principibus
1716 759 1752 810 se
1770 745 1804 810 et
1818 739 1887 812 suis
1901 741 2081 820 heredibus
2104 751 2205 827 miaffi

778 893 842 988 qui
865 912 960 984 supra
982 883 1066 980 petri
1091 879 1203 954 comiti
1227 875 1324 946 etad
1347 871 1428 946 neeis
1451 867 1624 942 heredibus
1647 869 1775 964 integra
1798 873 2012 969 suprascripta
2029 879 2207 958 damtione

712 1049 718 1060 ·
782 1015 952 1088 defendere
974 1018 1009 1080 et
1030 1011 1189 1077 anteere
1213 1019 1341 1092 sempor
1364 995 1405 1067 ab
1428 993 1579 1070 omunna
1603 991 1792 1068 nomnen
1807 993 1855 1078 ab,
1863 996 2019 1096 omniqua
2044 1005 2204 1098 petibus.

782 1137 818 1210 si
833 1141 942 1204 antem
957 1127 1051 1200 nobie
1065 1126 1153 1221 ipses
1170 1119 1343 1196 deludere
1365 1137 1434 1192 non
1455 1125 1605 1210 poterent
1619 1125 1657 1190 nt
1672 1117 1800 1194 dixerau
1816 1120 1931 1216 primia
1945 1121 2047 1200 miehi
2060 1129 2208 1225 ueniaque

780 1255 953 1334 melibeis
977 1275 1012 1324 se
1035 1261 1069 1324 et
1088 1247 1226 1324 heredes
1249 1269 1326 1324 anor
1349 1243 1397 1320 de·
1414 1241 1558 1318 eollndin
1580 1242 1709 1340 lep'bau
1724 1243 1833 1318 iurare
1847 1249 1977 1322 taoerat.
2002 1251 2096 1326 etsie
2111 1254 2207 1328 nebia

782 1385 898 1460 exinde
921 1383 1041 1454 feneret
1063 1385 1097 1452 et
1119 1374 1277 1472 eomplire
1299 1372 1455 1450 deberent
1473 1367 1675 1447 nonnum
1698 1370 1783 1446 snut
1797 1373 1833 1446 in
1847 1372 1919 1468 lege
1933 1374 2210 1471 langobardorunn

781 1512 937 1604 seriptum
959 1515 1009 1582 eat
1025 1505 1073 1582 de
1096 1505 1220 1576 donum
1244 1510 1278 1574 et
1300 1497 1462 1608 launegild
1492 1505 1677 1592 susceptum
1710 1518 1767 1592 per
1792 1521 1875 1594 pena
1897 1500 2031 1596 obblipo
2063 1525 2204 1598 oenopo-

780 1636 926 1712 nendnna
948 1639 1079 1704 centnm
1101 1625 1220 1721 viginti
1242 1622 1363 1694 solidos
1386 1631 1420 1694 et
1442 1629 1550 1696 uetera
1572 1619 1656 1694 insta
1674 1619 1800 1694 ratione
1813 1631 1847 1726 et
1861 1623 1974 1696 ordine
1988 1625 2122 1698 sicntin
2135 1626 2201 1724 ipsa

780 1787 855 1838 mea
879 1756 1062 1834 durationis
1084 1763 1172 1826 ernta
1195 1750 1381 1826 continebat
1403 1771 1468 1844 que
1491 1748 1609 1845 scripta
1624 1763 1692 1867 eret
1706 1770 1766 1844 per
1781 1749 1967 1844 apenolluna
1991 1751 2154 1826 nomnium
2169 1763 2199 1826 et

785 1895 936 1966 roborate
965 1909 1025 1982 per
1055 1883 1287 1980 radelgrinnrn
1318 1880 1463 1955 iudieern
1489 1887 1523 1952 et
1554 1879 1775 1976 gruraoaldnna
1796 1878 1950 1955 eonium
1973 1892 2006 1954 et
2029 1882 2202 1955 landonem

784 2019 938 2092 comitem
961 2023 993 2086 et
1015 2008 1186 2084 mdelbit.
1220 2005 1369 2102 Cumque
1402 2001 1553 2078 iauadiota
1584 2010 1672 2078 carta
1701 2025 1773 2078 naen
1795 2005 1976 2078 donationis
1997 2005 2059 2078 tuit
2081 2005 2199 2078 relecta

783 2155 816 2216 et
839 2142 1056 2231 interrogatur
1078 2153 1142 2228 ego
1165 2129 1410 2226 diligentissime
1432 2154 1454 2202 a
1476 2129 1667 2223 supradietis
1690 2128 1849 2226 iudicibus
1864 2128 2067 2202 manifestavi
2085 2149 2148 2224 epo
2165 2129 2201 2200 in
2296 2185 2300 2190 .
2429 2167 2430 2202 r

783 2274 898 2348 eodem
921 2267 1079 2342 iudie'aaut
1103 2283 1213 2334 eorem
1236 2261 1314 2356 ipris
1337 2259 1572 2354 prenominatis
1594 2259 1700 2336 mede
1721 2257 1844 2334 domi&
1859 2257 2061 2352 imperatoris
2075 2265 2110 2330 et
2126 2281 2202 2352 pre·

737 2435 740 2442 λ
784 2395 946 2466 dictorum
966 2391 1114 2466 iudicum
1137 2397 1170 2459 et
1192 2385 1342 2460 omnibus
1362 2385 1423 2480 qni
1446 2382 1567 2459 ibidem
1596 2388 1728 2460 meat
1760 2391 1797 2456 nt
1823 2381 1948 2458 nullarn
1980 2383 2079 2456 aliam
2111 2384 2198 2454 sori-

782 2518 926 2610 ptionena
956 2512 1149 2585 beberemna
1179 2509 1219 2580 de
1254 2506 1416 2580 iamdictis
1444 2519 1536 2584 curte
1559 2519 1593 2582 et
1616 2511 1710 2584 terris
1733 2508 1774 2582 de
1796 2507 2015 2604 suprascripto
2048 2510 2121 2580 loeo
2145 2507 2201 2580 ubi

782 2640 902 2714 dieitur
927 2635 1055 2732 portion
1078 2632 1217 2728 qualiter
1240 2633 1373 2706 munna
1395 2641 1428 2706 et
1450 2631 1676 2728 pertinuerunt
1707 2631 1874 2728 qnondam
1905 2629 2113 2728 suprascripti
2140 2630 2202 2704 sel-

782 2769 851 2840 lioti
874 2763 1000 2840 auitei
1023 2761 1065 2837 de
1087 2761 1251 2856 inegram
1275 2761 1328 2834 vel
1351 2760 1469 2836 exinde
1492 2769 1605 2834 eontra
1628 2781 1688 2834 noe
1719 2758 1773 2832 rel
1808 2767 1921 2832 eontra
1952 2767 2042 2852 parte
2068 2756 2202 2852 predicti

781 2894 882 2966 vestri
899 2889 1087 2964 monasterii
1109 2899 1142 2960 at
1164 2887 1373 2972 enarrandum.
1397 2889 1461 2961 nisi
1484 2897 1611 2962 tantuna
1633 2889 1703 2984 ipae
1726 2910 1798 2962 mee
1820 2909 1919 2984 quem
1938 2887 2007 2958 dixi
2028 2893 2117 2956 corta
2133 2884 2202 2954 do-

782 3011 921 3088 netionia
942 3035 1008 3109 que
1031 3021 1068 3084 nt
1091 3033 1188 3108 super
1211 3009 1304 3082 vobis
1327 3013 1363 3082 in
1386 3011 1544 3086 iudieiuna
1567 3022 1776 3086 ostenderam.
1786 3013 1830 3084 Et
1846 3023 1920 3084 erno
1937 3010 2124 3104 supradictis
2141 3011 2201 3082 iu-

783 3137 907 3212 dicibus
933 3137 1103 3234 diligenter
1127 3145 1160 3210 et
1182 3135 1344 3212 subtiliter
1367 3134 1594 3230 exquisierunt
1616 3135 1673 3208 illa
1696 3145 1729 3210 et
1752 3135 1807 3208 illa
1830 3137 1973 3232 scriptio.
1992 3145 2025 3206 et
2041 3134 2202 3230 exquisite

782 3287 836 3338 eas
858 3265 1008 3340 dicebant
1032 3275 1069 3338 ut
1092 3289 1151 3360 per
1173 3265 1281 3359 legem
1304 3263 1373 3360 ipsa
1397 3285 1471 3336 mea
1493 3273 1582 3337 eante
1604 3273 1690 3338 atero
1709 3289 1777 3338 non
1800 3274 1927 3362 poteret
1941 3289 1982 3339 eo
1997 3264 2085 3360 quod
2099 3262 2201 3338 inille

782 3401 928 3487 ternpore
952 3390 1082 3486 quando
1104 3397 1191 3460 carta
1214 3389 1284 3484 ipsa
1307 3388 1492 3462 continebat
1523 3387 1606 3462 faeta
1637 3389 1749 3464 unae
1780 3391 1943 3484 predictus
1976 3390 2071 3462 lando
2104 3387 2201 3484 geni-

781 3529 834 3592 tor
857 3540 950 3594 meus
972 3519 1051 3590 vivo
1073 3527 1143 3588 erat
1166 3539 1265 3614 quem
1289 3529 1322 3590 et
1345 3541 1409 3614 ego
1432 3519 1478 3590 ita
1501 3517 1743 3590 mauseolum
1768 3541 1844 3590 uere
1875 3493 1953 3614 quia
1983 3539 2024 3588 eo
2056 3527 2201 3610 tempore

780 3645 944 3742 predictus
966 3644 1094 3740 genitor
1117 3667 1208 3720 meua
1232 3645 1310 3718 vivo
1333 3645 1456 3720 suisset.
1481 3645 1558 3718 ldeo
1582 3645 1729 3720 dicebant
1750 3645 1813 3742 ipsi
1827 3643 1950 3720 indicas
1966 3653 2004 3718 ut
2019 3665 2078 3738 per
2092 3643 2198 3738 legent

782 3783 871 3846 carta
893 3773 963 3868 ipsa
986 3779 1069 3846 stare
1092 3795 1159 3846 non
1183 3783 1308 3870 poteret
1331 3799 1372 3848 eo
1396 3775 1486 3872 quod
1508 3797 1576 3848 non
1599 3775 1757 3849 dedissem
1780 3793 1843 3870 epo
1857 3773 1976 3846 eunde
1996 3773 2104 3866 ipsum
2125 3771 2199 3845 lau-

780 3895 889 3992 negild
910 3919 971 3998 per
993 3893 1230 3974 enneerbendoa
1253 3901 1345 3972 inxtn
1368 3897 1473 3994 legem
1498 3899 1583 3972 filios
1605 3907 1661 3974 aut
1676 3897 1758 3972 filias
1770 3899 1933 3994 legitimos
1952 3907 2010 3985 ont
2025 3897 2193 3970 naturales.

778 4017 1033 4100 unde'leoerunt
1057 4029 1169 4103 venire
1200 4029 1289 4122 leges
1321 4027 1597 4124 longobardorum
1628 4041 1661 4102 et
1683 4031 1846 4126 exquisita
1871 4052 1925 4102 eaa
1946 4029 2141 4102 invenerunt
2163 4027 2197 4096 in

778 4155 920 4248 capitulo
943 4157 1069 4230 rothari
1092 4159 1178 4253 regis
1201 4159 1378 4232 continent.
1408 4159 1490 4232 ltern
1523 4159 1608 4232 siout
1631 4181 1691 4232 nee
1713 4157 1860 4254 patribus
1884 4157 2011 4232 licitum
2042 4165 2092 4228 eet
2114 4153 2196 4228 filios

776 4301 856 4350 sune
888 4282 956 4352 sinn
987 4293 1076 4356 oertn
1109 4305 1205 4358 aaut
1227 4296 1283 4354 aut
1305 4285 1401 4376 eulpa
1431 4285 1628 4360 exheredare
1652 4287 1697 4360 ita
1721 4309 1785 4363 nee
1803 4285 1864 4360 filii
1887 4286 1983 4360 licent
2005 4291 2082 4360 rivo
2104 4293 2194 4376 patre

778 4422 833 4474 rea
857 4421 932 4474 runa
954 4402 1151 4498 onieumque
1184 4401 1332 4499 tbingare
1364 4413 1419 4483 aut
1451 4426 1511 4500 per
1538 4389 1841 4504 quolibet‘aitnlnm
1864 4407 2003 4484 ebenum
2024 4406 2088 4480 niai
2110 4407 2192 4480 torte

776 4527 863 4600 tilios
885 4533 943 4602 ant
966 4527 1050 4602 filins
1073 4527 1234 4628 legitimos
1258 4541 1315 4606 ant
1337 4535 1499 4610 nautales
1522 4534 1673 4608 babuerit
1688 4542 1734 4616 ‚nt
1756 4537 1818 4631 ipei
1833 4537 2012 4610 seeundum
2026 4535 2102 4632 lege
2117 4555 2195 4606 eon-

775 4651 882 4726 serbet
905 4653 1180 4748 quemadmodum
1204 4656 1239 4728 in
1261 4657 1331 4754 ipaa
1355 4657 1411 4730 lex
1433 4657 1584 4730 eontinet
1609 4664 1644 4730 et
1664 4651 1903 4756 propterquod
1920 4659 2038 4734 tortior
2053 4679 2122 4732 eaeo
2136 4658 2194 4728 in·
2247 4695 2254 4706 ·

777 4791 936 4854 venerunt
960 4784 1029 4878 ipsa
1052 4797 1139 4866 enta
1163 4786 1345 4861 offersionis
1368 4783 1504 4878 predicti
1528 4785 1628 4858 vestri
1652 4787 1845 4872 montebelli,
1865 4788 1905 4862 de
1927 4790 1998 4881 ipen
2020 4795 2107 4860 carta
2120 4806 2191 4858 mea

773 4899 959 4978 donationis
982 4909 1069 4982 unde
1091 4909 1218 4984 dicebat
1241 4917 1278 4982 nt
1298 4913 1473 5002 perquam
1494 4905 1586 5000 prius
1603 4911 1673 5006 ipsa
1688 4932 1754 5006 qne
1768 4931 1867 5006 snpra
1881 4911 1991 4984 aterna
2009 4907 2196 5008 principissa
