4888 6528
1417 890 1549 966 dccxl

620 1171 683 1242 An
856 1163 887 1258 †
910 1163 948 1234 ln
972 1159 1104 1234 nomine
1137 1157 1262 1229 domini
1294 1155 1420 1228 decimo
1452 1154 1559 1249 primo
1591 1172 1678 1223 anno
1707 1154 1908 1249 principatus
1931 1156 2056 1228 domini
2080 1159 2184 1230 nostri

601 1304 709 1371 1019·
761 1289 922 1386 guaimari
954 1295 988 1358 et
1019 1286 1127 1380 primo
1159 1305 1245 1356 anno
1278 1282 1476 1379 principatus
1514 1279 1638 1353 domini
1662 1281 1823 1376 guainuri
1845 1285 1916 1358 eius
1941 1285 2010 1358 tilio
2034 1285 2185 1380 gloriosis

760 1415 957 1514 principibus
981 1435 1092 1488 meme
1115 1412 1300 1510 september
1317 1411 1412 1484 tertia
1427 1409 1613 1484 indictione.
1628 1411 1896 1484 memoratorium
1911 1414 2070 1484 tantuma
2093 1414 2182 1484 nobis

760 1547 897 1620 sillictus
920 1544 1007 1618 tilius
1030 1544 1204 1616 iohannis:
1230 1542 1290 1638 qui
1313 1541 1435 1612 lauimus
1458 1537 1606 1612 abitmde
1632 1539 1674 1611 de
1697 1541 1860 1611 montella
1885 1549 1917 1612 et
1941 1563 2004 1636 ego
2028 1541 2181 1616 iobannes

761 1671 821 1766 qui
844 1694 918 1743 sum
943 1668 1011 1742 lilio
1035 1667 1128 1738 istius
1151 1663 1277 1736 sellicti.
1300 1674 1334 1736 et
1356 1684 1511 1757 speramus
1533 1659 1593 1757 qui
1616 1669 1692 1734 sunt
1716 1660 1862 1734 affiliatus
1886 1663 1979 1734 istius
2006 1663 2120 1737 sellicti
2150 1675 2182 1736 et

763 1796 850 1871 lilius
874 1795 1006 1868 maioni.
1030 1817 1071 1867 eo
1094 1793 1183 1892 quod
1204 1801 1277 1865 ante
1293 1790 1465 1885 subscripti
1479 1789 1604 1864 idoneis
1621 1788 1821 1862 bominibus.
1841 1792 1990 1876 oouiunti
2014 1813 2126 1866 sumus
2142 1795 2180 1864 ad

763 1921 1011 1996 combenientia.
1034 1943 1112 1992 cum
1133 1916 1360 2014 sergiusfilius
1374 1918 1489 1990 soteri
1504 1929 1538 1990 et
1552 1939 1629 1992 cum
1643 1916 1694 1991 leo
1707 1917 1794 1990 idem
1811 1921 1921 1992 attrise
1936 1919 2021 1992 libus
2036 1931 2184 1992 constan-

764 2052 825 2123 tini
849 2051 937 2146 sergi
960 2059 993 2122 et
1015 2047 1100 2120 filius
1124 2047 1193 2120 ursi
1216 2056 1249 2118 et
1271 2047 1420 2142 elpensus
1442 2043 1530 2126 filius
1552 2044 1717 2141 gerundum
1741 2045 1822 2142 petri
1845 2046 1959 2140 qui'et
1982 2046 2052 2140 ipse
2072 2055 2183 2139 petram

762 2179 851 2290 filius
874 2177 935 2250 luit
949 2176 1113 2272 quondam
1128 2174 1281 2247 marandi.
1297 2195 1359 2270 pro
1374 2173 1585 2248 dibideudnm
1608 2193 1685 2246 eum
1703 2173 1749 2245 eis
1763 2172 1859 2244 rebus
1873 2171 1937 2244 illis
1953 2195 2017 2267 que
2034 2183 2084 2243 est
2098 2173 2183 2244 intra

764 2308 800 2378 in
824 2306 954 2378 civitate
978 2303 1132 2376 nucerina
1156 2323 1254 2396 super
1276 2301 1411 2374 ecclesia
1433 2300 1536 2374 sancti
1559 2301 1644 2394 petri
1668 2300 1855 2373 salernitane
1870 2301 1990 2374 tinibus
2004 2303 2094 2396 quod
2110 2311 2185 2372 ante

765 2455 801 2504 os
826 2455 927 2504 manos
951 2451 1010 2503 nos
1033 2429 1209 2524 supradicti
1231 2427 1375 2502 sellictus
1406 2429 1562 2504 iohannes
1585 2451 1738 2525 speram
1760 2427 1917 2501 iohannes
1940 2429 2010 2522 ipsa
2040 2451 2099 2522 per
2124 2429 2185 2501 lir-

762 2573 853 2626 mum
879 2551 979 2626 brebe
1002 2551 1156 2646 partionis
1183 2551 1296 2624 ordine
1320 2551 1509 2647 pastenandi
1533 2551 1804 2648 compreensimus
1828 2551 1869 2620 ab
1893 2552 1965 2644 ipso
1983 2551 2182 2648 supradictus

762 2680 900 2776 sergius.
926 2687 959 2750 et
982 2678 1024 2749 da
1047 2679 1155 2774 ipsum
1178 2687 1290 2774 petrus
1315 2678 1400 2752 lilius
1415 2679 1553 2752 mirandi
1568 2703 1627 2774 per
1641 2679 1766 2751 ratione
1781 2703 1848 2776 que
1864 2681 2058 2753 continuent
2072 2679 2180 2752 brairi

762 2803 825 2898 ipsi
848 2800 1086 2895 pastenationis.
1110 2801 1197 2874 unde
1220 2803 1320 2875 modo
1345 2827 1388 2875 ex
1410 2813 1521 2876 nostra
1544 2827 1610 2901 que
1633 2811 1740 2898 pantes
1762 2803 1960 2876 ostendimus
1983 2803 2091 2874 brebri
2115 2805 2177 2898 ipsi

761 2923 991 3024 protestationis
1024 2928 1191 3020 quomodo
1222 2926 1317 3000 nobis
1348 2927 1445 3000 rebus
1481 2930 1550 3025 ipsa
1583 2931 1656 3002 deta
1690 2927 1754 3001 luit
1785 2904 1969 3024 pastenandi
2001 2927 2083 3000 inira
2117 2928 2180 2998 bec

769 3052 842 3125 linis
866 3063 898 3124 et
920 3055 1082 3126 mensuris
1105 3079 1123 3124 a
1148 3076 1222 3150 pars
1239 3054 1414 3128 occidentis
1433 3058 1496 3130 line
1510 3056 1565 3128 via
1580 3056 1709 3152 publice
1722 3055 1798 3128 inde
1821 3077 1930 3151 passus
1944 3063 2074 3128 centum
2089 3077 2180 3150 qua-

765 3179 923 3278 draginta.
948 3207 967 3255 a
990 3183 1216 3278 septentrionis
1239 3185 1322 3260 sicut
1344 3187 1500 3260 fossatum
1522 3187 1677 3261 discernit
1699 3187 1774 3260 inde
1803 3209 1914 3283 possus
1947 3185 2181 3280 muneginta

762 3310 826 3381 duo
850 3334 868 3379 a
892 3333 966 3405 pars
990 3311 1124 3384 orientis
1146 3311 1211 3384 line
1242 3315 1389 3409 ipsorum
1419 3314 1519 3410 sergii
1549 3323 1582 3385 et
1614 3313 1703 3384 leoni
1733 3323 1767 3384 et
1798 3313 1884 3408 petri
1916 3313 2001 3384 sicut
2032 3311 2181 3384 discernit

760 3434 920 3507 limitent
944 3438 1075 3510 termini
1098 3439 1173 3514 inde
1196 3463 1306 3535 passus
1330 3442 1409 3514 alios
1432 3452 1563 3514 eentum
1586 3441 1806 3538 quadraginta.
1830 3465 1850 3510 a
1873 3441 2009 3514 meridie
2040 3439 2184 3512 similiter

760 3558 825 3630 fine
848 3560 890 3630 de
913 3562 975 3654 ipsi
998 3561 1173 3655 supradicti
1195 3567 1321 3658 sergius
1344 3577 1378 3636 et
1398 3568 1451 3638 leo
1466 3579 1501 3638 et
1515 3576 1626 3661 petrus
1643 3566 1718 3639 inde
1733 3563 1844 3662 pn'ssus
1860 3563 2096 3662 quinquaginta
2110 3571 2184 3636 octo

759 3695 867 3757 totum
891 3699 1114 3762 mensuratum
1139 3690 1179 3763 ad
1202 3691 1287 3764 iusto
1310 3715 1404 3787 passu
1419 3693 1591 3768 bominum
1613 3693 1673 3769 bec
1697 3717 1774 3768 vero
1797 3717 1850 3768 res
1873 3717 1931 3790 per
1951 3691 2097 3770 iamdicti
2114 3693 2183 3764 linis

758 3821 792 3882 et
823 3815 986 3906 nmusuric
1019 3825 1084 3888 tota
1116 3829 1149 3891 et
1180 3821 1291 3894 inclita
1326 3843 1403 3895 cum
1433 3821 1506 3894 bice
1537 3821 1579 3895 de
1601 3823 1656 3896 via
1679 3845 1738 3895 sua
1760 3823 1855 3896 nobis
1879 3833 1916 3895 ut
1940 3822 2082 3896 diximus
2113 3841 2185 3915 pars

764 3941 871 4016 ordini
901 3967 961 4041 per
992 3947 1099 4044 ipsum
1131 3951 1260 4046 sergius
1288 3960 1321 4023 et
1345 3927 1510 4046 predictus
1537 3951 1623 4025 filius
1646 3952 1790 4026 iamdicti
1814 3953 1953 4026 mirandi
1975 3953 2088 4046 datum
2112 3951 2181 4023 luit.

763 4079 795 4140 et
810 4072 914 4145 relicti
937 4073 1046 4148 brebri
1069 4079 1131 4171 ipsi
1154 4079 1379 4172 pastenatiouis
1402 4082 1461 4176 qui
1485 4081 1526 4152 de
1541 4103 1583 4153 ex
1599 4083 1711 4155 eadem
1732 4105 1784 4156 res
1809 4084 1884 4154 lacti
1908 4091 1982 4156 sunt
2001 4081 2104 4176 posita
2125 4103 2184 4149 ra-

762 4199 850 4271 tione
874 4204 1047 4276 constitum
1071 4229 1136 4301 que
1159 4208 1305 4301 posimus
1328 4209 1403 4279 inde
1426 4210 1489 4280 tait
1510 4209 1576 4280 iam
1590 4209 1756 4306 expletum
1781 4221 1829 4284 est
1852 4207 2185 4283 et·combenientibus

762 4320 848 4392 inter
875 4343 935 4392 nos
958 4325 1066 4396 statim
1089 4347 1150 4396 uos
1175 4327 1376 4421 supradictus
1407 4329 1542 4404 sillictus
1565 4331 1721 4404 iohannes
1744 4354 1898 4426 sparauus
1924 4331 2097 4405 dibidimus
2121 4349 2184 4400 su-

761 4446 923 4538 pradictas
945 4471 997 4521 res
1020 4473 1079 4544 per
1098 4453 1275 4549 supradicti
1290 4455 1362 4530 dois
1376 4467 1408 4532 et
1425 4481 1592 4534 mensuras
1606 4481 1705 4557 quem
1722 4481 1781 4534 nos
1797 4458 2032 4555 peccabimus
2048 4467 2082 4530 et
2097 4479 2185 4554 qae-

643 4659 646 4668 ,
761 4575 905 4648 nubimus
929 4575 1023 4649 sicuti
1046 4578 1121 4652 inde
1142 4581 1275 4678 obligati
1291 4586 1412 4659 luimus
1435 4587 1471 4660 in
1494 4589 1574 4660 duas
1595 4595 1701 4682 partes
1724 4589 1766 4661 ad
1792 4589 1907 4686 equale
1933 4585 2096 4662 mensurio
2118 4607 2184 4658 una

630 4713 634 4720 '
761 4704 904 4778 sortione
927 4707 1065 4782 lecimus
1088 4731 1157 4784 esse
1179 4712 1215 4784 in
1236 4735 1310 4808 pars
1325 4715 1469 4788 orientis.
1485 4725 1519 4788 et
1533 4715 1698 4792 masmae
1711 4718 1846 4792 fecimus
1862 4718 1937 4790 ebse
1952 4719 1986 4790 in
2001 4739 2075 4812 pers
2088 4715 2183 4786 occi-

764 4829 876 4904 dentis
889 4834 976 4907 unde
992 4838 1083 4930 prins
1097 4840 1160 4935 ipsi
1172 4843 1297 4936 sergius
1312 4851 1345 4914 et
1355 4841 1517 4936 predictus
1532 4843 1585 4916 leo
1600 4854 1633 4918 et
1649 4855 1758 4941 petrus
1776 4855 2050 4942 compreenseruut
2064 4843 2182 4918 made

723 4997 727 5009 ·
763 4955 799 5028 in
816 4967 903 5031 sorte
919 4965 1096 5040 sartionem
1112 4967 1216 5061 ipsrm
1231 4967 1271 5040 ab
1285 4967 1354 5062 ipsa
1367 4990 1442 5063 pam
1457 4969 1600 5048 orientis.
1615 4983 1648 5046 et
1662 4971 1757 5047 nobis
1773 4995 1831 5067 per
1855 4973 1962 5046 taliter
1985 4973 2186 5048 tradideramt
