4888 6528
847 557 862 654 (
888 565 952 632 ret
969 551 991 652 “)

203 731 387 806 timendum:
421 727 458 800 in
492 745 533 798 oo
567 721 656 800 enirn
680 729 792 800 tenore
813 729 852 794 ut
879 719 956 796 abta
981 727 1130 817 tempore
1153 737 1214 796 uos
1244 731 1277 798 et
1299 721 1473 798 heredibus
1499 731 1618 802 noetris

201 858 274 928 iilos
298 877 380 928 sene
407 861 440 929 et
461 851 636 948 ιὶιιςιιιιιι
657 847 805 926 latorem
824 852 859 918 et
881 843 1031 933 eseoiere
1053 855 1088 918 et
1106 853 1140 918 ιι
1153 843 1287 922 meliore
1301 847 1426 922 omnim
1440 849 1618 944 pertenere

202 983 372 1056 debemus
390 1001 466 1056 enm
482 977 583 1052 robes
601 986 729 1056 umbos
742 983 777 1050 et
798 972 1012 1053 eructaturus
1024 973 1078 1048 vei
1091 973 1216 1050 omnies
1227 995 1385 1071 arpenas
1407 963 1618 1053 aeruminis

203 1119 235 1180 e
258 1085 342 1180 nde
369 1105 491 1180 nrum
521 1101 612 1176 omar
642 1097 747 1176 mue
778 1121 901 1198 pm
926 1109 960 1174 e
982 1097 1128 1202 purae
1156 1097 1329 1178 ιιιιιω
1353 1101 1414 1178 uni
1446 1123 1615 1178 mum

199 1235 302 1308 fueris
326 1242 361 1308 et
382 1233 468 1308 siem
488 1231 612 1306 iustum
626 1228 751 1304 iners:
777 1239 811 1306 et
828 1227 905 1302 iltnt
918 1235 1031 1324 potere
1052 1235 1086 1304 et
1108 1227 1322 1324 propaginare
1336 1227 1509 1306 deireanns
1524 1251 1617 1326 qum-

198 1353 1613 1452 modomaoertnaiaipsantmdomatinraetrreideradatemmetmse

202 1503 239 1564 et
268 1513 343 1564 aree
371 1481 1620 1590 semnortnmetreditesibideminoereeteberedebmreetdo

199 1617 313 1708 ipsum
333 1613 469 1688 fundunt
491 1609 551 1684 nln'
572 1607 801 1684 rbitnbn‘imnn
820 1628 881 1680 nns
902 1605 1020 1680 exinde
1043 1605 1328 1680 abdominum
1349 1607 1434 1698 parti
1456 1609 1616 1684 doezra-

97 1761 102 1776 ·
201 1737 297 1832 lique
321 1759 402 1810 vero
423 1733 518 1812 tertia
533 1755 576 1808 ex
591 1732 699 1829 ipsum
710 1733 851 1812 foedum
864 1730 902 1804 in
915 1743 1023 1808 subu
1035 1728 1220 1804 reserbmtis
1232 1737 1444 1825 potestatem:
1461 1711 1498 1806 et⁸
1506 1737 1619 1808 omnia

201 1861 437 1954 quodeunque
459 1855 554 1934 nobis
580 1857 731 1932 dominus
757 1857 837 1932 dens
859 1857 985 1934 dederis
1005 1857 1042 1932 in
1056 1855 1202 1954 quantes
1216 1857 1392 1932 seminatus
1414 1880 1480 1954 qne
1497 1858 1618 1934 ibidem

203 1981 475 2058 seminaberimnr
507 1984 543 2056 in
574 1989 685 2056 nostra
708 1981 892 2078 nostrisque
913 1978 1088 2054 heredibus
1110 1981 1176 2054 sint
1196 1988 1353 2076 potestate
1376 1983 1462 2058 nnde
1491 1981 1614 2060 audam

204 2111 301 2186 nobit
324 2109 442 2188 exinde
463 2111 607 2210 ιιιιοιιιὶι
621 2119 678 2184 unt
693 2109 828 2206 tolletis:
852 2109 1077 2184 tantummodo
1091 2109 1181 2186 ntnni
1195 2129 1302 2184 amne
1324 2131 1384 2182 noe
1398 2121 1431 2184 et
1444 2111 1618 2188 insedibus

205 2239 327 2314 nostris
349 2239 442 2316 robis
465 2239 647 2336 vestrisque
669 2236 806 2335 pesteris
829 2245 863 2312 et
883 2237 919 2310 in
941 2245 1122 2312 memorato
1142 2245 1254 2314 restro
1272 2239 1469 2329 monasterio
1488 2238 1564 2313 dere
1587 2251 1624 2312 et

208 2375 361 2448 atdneere
383 2373 562 2448 debeamus
583 2393 642 2466 per
665 2369 839 2442 iasdritme
861 2371 966 2443 uncti
987 2369 1159 2444 matam
1182 2368 1261 2442 obes
1291 2369 1526 2466 qninqmgintn
1549 2367 1619 2440 eine

184 2503 303 2576 omni
326 2499 575 2574 manatione:
602 2507 636 2572 et
662 2494 752 2570 omni
774 2515 881 2570 annue
904 2517 963 2590 per
987 2504 1087 2569 ertate
1109 2494 1201 2591 pale·
1223 2493 1287 2570 dne
1312 2497 1396 2590 perti
1428 2495 1469 2586 de
1491 2515 1620 2567 eerrnm

205 2637 350 2703 tractum
361 2649 477 2726 ¹nsque
499 2627 585 2703 intus
608 2625 679 2722 ipso
700 2631 809 2698 restro
827 2623 1045 2700 mmntterio:
1070 2630 1104 2694 et
1126 2619 1218 2695 omui
1234 2643 1341 2694 ennue
1355 2620 1492 2716 imper
1516 2641 1620 2714 quun·

207 2763 281 2824 tum
304 2751 418 2824 binum
440 2759 474 2828 et
495 2771 630 2847 grecum
652 2748 775 2826 ibidem
787 2747 880 2822 nobis
894 2746 1045 2821 domium
1064 2747 1143 2822 deae
1158 2744 1286 2820 dederis
1301 2751 1443 2818 martum
1460 2743 1618 2818 mumdum

205 2893 241 2953 et
254 2901 465 2976 merepmnes
479 2889 558 2954 tunc
573 2879 755 2955 dividamus
776 2877 852 2952 ilios
873 2877 959 2950 inter
979 2877 1073 2988 nobie
1093 2897 1152 2970 per
1165 2874 1345 2949 medietate
1361 2895 1420 2949 vos
1436 2881 1469 2948 et
1483 2873 1619 2970 posteris

206 3010 323 3079 vestris
345 3001 532 3080 medietate:
557 3015 590 3078 et
613 3027 673 3079 nos
688 3003 905 3078 etbemdibut
922 2999 1278 3076 nostrissimiiiterelia
1294 3001 1484 3076 mediante:
1503 3001 1619 3096 etipsa
1752 3074 1756 3091 ,

205 3133 380 3206 medietate
393 3140 501 3206 vernn
515 3131 557 3202 de
572 3133 680 3228 ipsum
692 3130 806 3206 binum
819 3133 978 3208 mnndum
994 3138 1028 3206 et
1042 3131 1082 3204 de
1096 3129 1203 3226 iptnm
1218 3149 1352 3226 grecum
1366 3149 1425 3204 vot
1439 3137 1473 3202 et
1483 3127 1619 3226 posteris

207 3253 328 3326 vestris
350 3251 423 3324 illos
445 3251 563 3326 exinde
585 3263 691 3326 unere
714 3241 855 3328 debeatis
877 3277 943 3328 una
965 3276 1044 3326 eum
1066 3254 1135 3348 ipsa
1157 3265 1245 3358 sorte
1265 3263 1369 3328 resno
1392 3257 1434 3328 de
1451 3254 1520 3350 ipsa
1535 3275 1614 3330 suo·

208 3397 371 3469 capannas
394 3379 560 3472 quomodo
583 3379 776 3474 potueritis:
802 3388 851 3452 set
872 3379 964 3452 omni
986 3402 1092 3452 annue
1113 3402 1172 3474 per
1193 3379 1370 3452 vindemias
1390 3401 1450 3452 nos
1466 3389 1498 3452 et
1512 3379 1614 3451 here-

208 3503 309 3577 dibus
324 3501 440 3576 nostris
455 3504 549 3578 vobis
564 3505 743 3602 vestrisque
759 3505 895 3598 posteris
910 3517 944 3580 et
957 3508 992 3580 in
1004 3516 1183 3580 memorato
1198 3507 1392 3578 monastario
1406 3527 1464 3601 per
1482 3525 1614 3578 ornnem

203 3630 323 3702 salmas
346 3632 386 3704 de
408 3629 523 3703 binum
546 3631 706 3703 mundum
729 3640 762 3706 et
785 3631 826 3704 de
847 3653 983 3728 grecum
1006 3641 1125 3728 quante
1148 3633 1241 3706 nobis
1265 3633 1382 3708 exinde
1397 3633 1552 3728 tetigeris:
1572 3631 1614 3708 de

203 3760 279 3848 ipse
302 3763 387 3829 sorte
417 3765 527 3828 nostm
556 3757 687 3852 propria
717 3758 810 3832 vobis
832 3759 1011 3858 veritisque
1034 3763 1169 3858 posteris
1192 3753 1269 3834 dare
1293 3772 1326 3834 et
1347 3761 1518 3836 retundere
1541 3761 1607 3834 de-

202 3881 343 3953 beamus
366 3881 406 3952 de
429 3879 543 3954 vinum
565 3883 723 3956 mundum
745 3901 804 3980 per
827 3903 892 3954 una
913 3905 1046 3982 qnoque
1068 3887 1169 3958 salma
1191 3887 1320 3960 ureinm
1343 3905 1444 3958 nnnm
1467 3907 1528 3978 pro
1550 3906 1616 3978 qna

200 4029 270 4078 vos
294 4006 409 4079 exinde
432 4007 594 4082 traxeritis
626 4010 695 4104 ipsa
725 4021 812 4084 sorte
834 4020 972 4087 uestrae
1006 4021 1040 4084 et
1062 4031 1122 4082 nne
1145 4018 1178 4084 et
1200 4009 1374 4086 heredibus
1396 4011 1513 4082 nostris
1537 4009 1614 4080 illut

143 4149 170 4176 ⁸
202 4131 607 4208 vindemiare'debeemus
631 4145 664 4208 et
685 4135 777 4208 omni
799 4145 911 4210 noenu
926 4137 1107 4234 expendia:
1133 4144 1166 4212 et
1188 4137 1256 4232 ipen
1272 4149 1359 4212 sorte
1372 4145 1478 4211 vetra
1492 4125 1621 4208 sarbara

206 4256 391 4330 debeamus
414 4253 449 4326 in
473 4253 620 4352 orgeneis
643 4235 764 4328 nostris
785 4255 853 4330 dies
876 4267 958 4330 bes:
983 4269 1016 4332 et
1039 4283 1097 4356 per
1113 4260 1291 4336 vindemias
1305 4261 1383 4334 duas
1399 4281 1549 4356 personas
1564 4283 1622 4341 ve,-

117 4414 123 4428 ,
199 4393 293 4454 stras
315 4379 440 4452 munire
463 4378 634 4452 mbeomns
657 4383 823 4477 quomodo
846 4379 968 4476 ionum
990 4381 1108 4455 fueris:
1135 4383 1250 4461 binum
1273 4395 1306 4458 at
1320 4385 1497 4459 bibendum
1512 4391 1545 4458 at
1561 4406 1623 4456 un·

148 4519 150 4524 “
201 4525 283 4587 tum
308 4522 341 4584 at
364 4509 568 4587 condendum
590 4533 651 4607 pro
673 4511 752 4605 ipsis
774 4509 929 4605 operariis
952 4505 1011 4608 qni
1034 4509 1153 4586 ibidem
1172 4512 1418 4588 biudemiaberis
1441 4513 1622 4584 comuniter

202 4648 353 4718 demus:
379 4642 514 4737 insuper
535 4633 738 4714 stetit'nobis
760 4649 798 4712 nt
821 4663 880 4714 vos
904 4645 936 4711 et
950 4641 1087 4737 posteris
1108 4639 1221 4714 vestris
1235 4643 1327 4713 omni
1342 4664 1447 4714 annue
1462 4639 1624 4713 licentiam

201 4779 241 4840 et
268 4775 456 4859 potestatem
480 4764 599 4838 abeatis
623 4763 743 4838 ibidem
765 4767 922 4837 seminare
945 4769 1074 4856 pratum
1088 4769 1121 4834 et
1134 4756 1240 4858 lupini
1257 4785 1360 4859 usqne
1376 4775 1525 4864 etenum
1549 4787 1622 4839 ιιιο-

112 4975 116 4979 ,
197 4895 303 4965 dium
328 4903 361 4965 et
384 4891 529 4992 medinm
553 4893 593 4967 de
617 4901 703 4988 terra
725 4915 784 4988 per
807 4889 890 4984 passi
913 4900 1133 4966 mensuratum
1157 4889 1278 4986 umque
1302 4891 1390 4964 omni
1414 4901 1522 4966 nostre
1538 4918 1622 4968 eon-
