4896 6522
904 564 916 659 i
941 571 984 636 ⁸⁷
1012 565 1025 662 l

244 731 277 794 et
299 722 404 816 ipsum
431 717 624 792 seminatum
655 737 752 810 super
785 739 845 788 nos
875 720 1065 816 recolligere
1098 721 1274 798 debeamus
1306 727 1392 799 unde
1421 729 1543 800 nullam
1568 735 1661 808 nobis

244 849 359 924 exinde
382 849 525 948 querelis
549 857 605 922 aut
626 847 770 920 tollatis:
796 853 1023 924 tantummodo
1047 851 1088 922 de
1111 853 1181 947 ipsa
1203 855 1290 948 petia
1313 856 1354 928 do
1376 865 1462 928 terra
1479 859 1569 930 omni
1594 885 1659 933 an·
1732 861 1734 866 ’

241 1001 304 1052 nuo
328 1003 390 1076 ego
412 989 446 1052 et
467 979 601 1052 heredes
625 979 706 1052 meis
729 977 822 1052 robis
853 980 1031 1076 vestrisque
1058 985 1192 1075 posteris
1216 983 1333 1056 exinde
1357 987 1547 1060 terraticum
1583 990 1659 1063 dare

241 1115 272 1177 et
295 1107 446 1180 atdueere
470 1107 644 1178 debeamus
660 1106 700 1176 do
716 1128 801 1202 qne:
824 1105 947 1210 ibidem
969 1105 1174 1181 bemoticum
1197 1113 1467 1202 seminaberimus
1485 1113 1581 1186 sicuti
1595 1116 1659 1188 tul-

237 1228 339 1302 leritis
362 1231 403 1302 da
427 1229 498 1302 aliis
521 1227 718 1300 omminibus
752 1231 792 1302 de
816 1227 878 1302 alie
900 1237 985 1302 terre
1007 1241 1116 1302 vestre
1140 1233 1180 1303 de
1203 1245 1384 1307 memorato
1417 1236 1492 1308 loeo
1517 1245 1657 1312 tractum

238 1377 345 1450 usque
368 1356 457 1427 intus
472 1364 653 1430 memorato
667 1362 776 1428 restro
791 1358 986 1428 monasterio
1000 1357 1070 1430 sine
1085 1359 1175 1431 omni
1193 1361 1472 1434 amaricationem:
1497 1372 1530 1434 et
1554 1387 1657 1458 quau-

236 1493 286 1552 tas
309 1490 470 1554 castaneas
494 1491 526 1551 et
548 1483 682 1552 insertas
712 1482 833 1552 ibidem
863 1485 954 1552 omni
982 1507 1088 1554 annue
1117 1485 1244 1555 abueris
1268 1511 1331 1580 ego
1362 1497 1395 1558 et
1417 1487 1551 1560 heredes
1574 1491 1655 1562 meis

235 1605 308 1678 illos
331 1606 482 1700 colligere
506 1613 539 1678 et
561 1606 716 1682 atdunare
740 1606 914 1680 debeamus
937 1615 969 1679 et
993 1605 1175 1680 dividamus
1199 1607 1272 1682 illas
1296 1611 1382 1682 inter
1396 1613 1489 1684 nobis
1504 1637 1563 1706 per
1578 1639 1654 1688 me-
1681 1656 1683 1660 ·

235 1717 407 1804 danem:
434 1752 494 1805 vos
516 1739 549 1804 et
571 1731 707 1827 posteris
729 1733 844 1805 vestris
868 1730 1057 1802 medietate:
1089 1737 1122 1800 et
1145 1753 1208 1826 ego
1239 1740 1272 1801 et
1293 1731 1427 1806 heredes
1451 1736 1532 1806 meis
1555 1738 1652 1810 simi-

232 1831 309 1928 liter
331 1856 392 1928 alia
415 1855 606 1928 medietate:
633 1879 732 1950 osque
756 1859 847 1930 omni
869 1857 1039 1932 fraudem:
1068 1859 1192 1950 etipsa
1214 1856 1385 1928 medietate
1408 1867 1517 1930 vestra
1540 1884 1603 1956 ego
1619 1873 1652 1935 et

231 1981 370 2076 propriis
392 1983 474 2053 meis
496 1981 669 2056 heredibus
692 1985 784 2058 vohis
807 1985 988 2080 vestrisque
1018 1984 1154 2078 posteris
1188 1984 1278 2055 omni
1303 2007 1408 2056 annue
1432 1998 1562 2080 portare
1585 1989 1649 2060 de-

232 2106 362 2178 beamus
385 2129 488 2204 usque
505 2108 593 2180 intus
608 2107 663 2179 illa
679 2107 864 2182 ohedientia
881 2119 987 2181 vestra
1002 2109 1105 2180 sancti
1120 2109 1226 2181 basilii
1244 2110 1284 2180 de
1299 2111 1473 2180 nonnanis:
1497 2120 1530 2190 et
1553 2117 1648 2209 quale

230 2239 372 2324 tempore
395 2231 518 2305 ibidem
540 2233 655 2306 uinum
677 2233 849 2310 iocerimm
881 2234 1041 2306 mundum
1065 2243 1098 2302 et
1120 2254 1332 2327 saocapannas
1367 2230 1549 2308 dividamus
1573 2235 1647 2310 illos

228 2351 312 2425 inter
342 2353 436 2426 nobis
468 2374 526 2450 per
554 2355 779 2428 medietatem:
814 2376 874 2426 uos
906 2365 938 2424 et
960 2356 1097 2448 posteris
1119 2357 1234 2430 vesnia
1256 2357 1446 2431 medietate:
1473 2368 1505 2430 et
1528 2380 1591 2454 ego
1614 2371 1647 2432 et

226 2482 367 2576 propriis
388 2481 470 2554 meis
491 2481 664 2554 heredibus
679 2481 828 2554 simihter
842 2479 903 2550 alia
920 2479 1091 2552 medietate
1107 2489 1139 2550 et
1153 2481 1222 2574 ipsa
1238 2483 1409 2558 medietate
1432 2492 1537 2556 vestra
1553 2487 1645 2556 omni

226 2631 333 2682 annue
357 2617 461 2681 traere
484 2609 655 2682 debeamus
678 2631 782 2706 usque
804 2617 838 2682 at
861 2609 930 2704 ipsa
953 2605 1133 2678 obedientia
1157 2613 1289 2676 restra:
1323 2618 1356 2679 et
1385 2630 1442 2700 per
1465 2607 1643 2680 vindemies

224 2753 290 2804 una
311 2753 463 2824 personas
486 2741 607 2804 vestras
621 2733 744 2806 nutrire
759 2729 932 2804 debeamus
945 2725 1109 2824 quomodo
1125 2725 1249 2797 iustum
1264 2726 1364 2798 lucris
1380 2727 1459 2798 dum
1476 2727 1511 2799 in
1539 2751 1641 2802 unum

223 2859 534 2933 vendemiaberimus
565 2870 598 2934 et
629 2885 692 2956 ego
722 2873 757 2933 et
785 2859 925 2956 propriis
948 2857 1035 2930 meis
1052 2855 1225 2932 heredibus
1248 2856 1320 2929 illut
1343 2857 1542 2932 vindemiare
1576 2863 1639 2936 de-

222 2987 354 3062 beamus
377 2998 411 3060 at
434 2992 524 3062 omni
548 2997 659 3062 nostro
681 2987 863 3084 expendia:
899 2995 933 3057 et
964 2985 1159 3082 quandoque
1186 2985 1306 3058 ibidem
1329 3008 1415 3058 escas
1449 2987 1577 3061 abueris
1601 2991 1636 3062 in

220 3125 325 3188 restra
349 3115 529 3209 vestrisque
553 3117 687 3208 posteris
709 3117 771 3188 siat
792 3089 981 3210 potestatem
1004 3116 1090 3186 undo
1114 3113 1238 3184 nullam
1262 3113 1377 3186 exinde
1405 3115 1577 3188 tollamus:
1605 3129 1638 3188 et

217 3237 415 3334 quandoque
438 3237 472 3306 in
495 3239 580 3330 ipsas
603 3259 689 3309 escas
711 3237 820 3330 porois
842 3259 962 3331 ponere
984 3235 1153 3309 volueritis
1176 3237 1340 3310 licentiam
1373 3239 1492 3312 abeatis
1516 3241 1636 3336 absque

217 3363 446 3437 damnietatem
470 3363 510 3432 do
532 3363 639 3455 ipsum
662 3363 869 3434 castanietum
893 3371 926 3436 et
946 3365 1154 3436 insertetnm:
1180 3373 1213 3436 et
1234 3389 1300 3437 non
1324 3342 1443 3440 abeatis
1474 3367 1635 3440 licentiam

215 3509 276 3560 ros
299 3496 332 3558 et
353 3487 489 3579 posteris
511 3487 627 3558 vestris
649 3496 682 3556 et
703 3496 883 3559 memorato
908 3499 1015 3561 vestro
1038 3490 1231 3562 monasterio
1258 3493 1339 3564 mihi
1369 3495 1514 3590 meisque
1547 3517 1633 3588 pro-

213 3615 294 3709 priis
316 3613 489 3686 heredibus
511 3613 585 3684 illos
607 3612 721 3686 tollere
751 3636 811 3708 per
832 3613 960 3687 nullum
983 3619 1117 3690 modurn
1140 3641 1199 3690 nec
1230 3642 1289 3716 per·
1312 3622 1489 3693 summissis
1511 3645 1631 3716 perso-

213 3738 283 3810 nis:
309 3759 391 3810 rene
415 3759 477 3831 ego
500 3745 533 3810 et
555 3738 636 3810 meis
659 3737 800 3833 propriis
822 3737 997 3813 heredibus
1019 3741 1092 3815 illos
1115 3742 1296 3816 lacerantes
1319 3755 1352 3816 et
1372 3747 1481 3816 omnia
1504 3769 1631 3818 memo·

211 3867 279 3932 rata
304 3857 521 3954 adimplentes:
545 3867 579 3931 et
601 3861 798 3957 quandoque
821 3885 883 3957 ego
906 3873 940 3935 et
962 3865 1103 3960 propriis
1126 3865 1207 3936 meis
1229 3865 1404 3939 heredibus
1433 3868 1506 3940 illos
1529 3869 1628 3942 abre-

210 3989 359 4062 nuntiare
381 3987 579 4060 voluerimus
601 3987 764 4062 licentiam
786 3998 820 4061 et
841 4000 1031 4084 potestatem
1055 3992 1207 4064 abeamus
1231 3992 1325 4064 vobis
1348 3993 1527 4088 vosuisque
1558 4017 1627 4088 po-

206 4113 302 4187 steris
325 4113 514 4184 cumomni
545 4135 604 4186 sua
634 4115 948 4190 remeliorationem:
983 4119 1062 4216 quia
1093 4116 1138 4190 ita
1161 4117 1254 4191 nobis
1277 4118 1418 4214 placuit:
1456 4120 1492 4192 Si
1515 4101 1624 4194 autem

201 4237 300 4310 alite
321 4237 494 4309 fecerimus
518 4238 558 4310 de
576 4237 626 4308 his
640 4238 791 4310 omnibus
810 4241 995 4315 memoratis
1009 4266 1068 4339 per
1081 4243 1198 4340 quobis
1215 4238 1350 4317 modum
1364 4251 1420 4316 aut
1444 4243 1623 4320 summissis

193 4364 349 4461 personis
371 4373 449 4436 tunc
471 4385 631 4458 compono
663 4385 725 4457 ego
747 4370 781 4434 et
801 4362 936 4437 heredes
959 4369 1040 4440 meis
1063 4373 1203 4465 propriis
1225 4370 1319 4446 robis
1341 4370 1519 4468 vestrisque
1551 4395 1620 4466 po·

197 4491 294 4563 steria
325 4489 398 4562 auri
430 4489 548 4563 solidos
579 4489 750 4564 duodecim
780 4485 984 4586 hydrianteos
1017 4495 1133 4569 etheo
1158 4497 1304 4570 chartula
1335 4496 1559 4594 pmmissionis
1583 4507 1621 4568 ut

197 4641 297 4714 snper·
329 4617 450 4714 legitm
476 4619 519 4690 sit
548 4619 641 4692 firma
669 4617 787 4713 scripti
815 4640 880 4714 per
908 4640 1024 4692 manus
1056 4623 1154 4718 sergii
1176 4623 1328 4699 mbularii
1358 4648 1418 4720 per
1442 4631 1619 4695 memorata

199 4743 439 4839 quartadecima
462 4741 682 4840 indictione†
705 4741 768 4814 hoe
791 4743 920 4837 signnm
934 4738 964 4836 †
979 4767 1096 4818 manns
1119 4757 1298 4821 memorato
1322 4745 1447 4821 cesario
1469 4745 1526 4844 qui
1551 4769 1618 4818 no-

198 4866 342 4940 minatur
363 4869 496 4968 pisoopo
518 4867 608 4964 qnod
630 4890 693 4963 ego
715 4889 777 4963 pro
800 4889 875 4940 eum
899 4867 1123 4966 subscripsi†
