4940 6518
937 550 950 642 l
975 559 1016 619 ²¹
1043 546 1058 643 l

286 703 372 770 ctera
394 693 568 768 debeamus
592 701 624 766 et
648 717 708 770 ros
730 695 824 770 vohis
846 695 902 770 ille
924 699 1042 772 exindo
1065 699 1224 774 deducere
1246 702 1391 776 faciatis:
1417 713 1451 775 et
1474 715 1634 800 qnantum
1649 710 1702 782 bi·

286 843 364 892 num
387 844 446 915 per
468 822 558 894 omni
582 845 688 896 annuo
711 825 758 896 ihi
781 824 954 897 fecerimus
977 827 1136 898 muudum
1159 839 1192 902 et
1214 853 1411 926 saocapanna
1431 831 1473 902 ad
1502 831 1701 924 pulmentum

284 955 429 1019 nochum
459 945 535 1018 illos
568 947 653 1020 inter
684 947 780 1020 nobis
810 948 955 1020 dividere
987 948 1161 1024 debeamus
1188 955 1346 1026 mundum
1369 965 1402 1026 et
1425 977 1620 1048 saccapmna
1643 977 1703 1050 per

282 1073 497 1148 medietatem.
522 1081 557 1144 et
579 1073 648 1167 ipsa
671 1074 877 1148 mutem
898 1083 1006 1148 vestm
1028 1098 1094 1172 qua
1118 1079 1210 1151 vohis
1225 1081 1369 1174 tetigerit
1385 1083 1478 1159 robis
1496 1083 1568 1157 illos
1583 1085 1702 1158 exinde

281 1203 381 1274 traire
404 1201 581 1274 debeamus
596 1221 656 1293 per
669 1201 759 1276 omui
781 1224 890 1275 annuo
912 1224 1036 1298 usque:
1063 1203 1152 1274 intus
1174 1217 1353 1278 memorato
1374 1217 1484 1282 restro
1505 1212 1702 1284 monasterio

280 1329 399 1420 gratis:
422 1339 457 1399 et
478 1345 541 1398 nos
563 1323 637 1396 illos
657 1349 718 1418 per
741 1327 831 1398 omni
855 1349 963 1398 annuo
985 1327 1194 1402 bendemiare
1217 1329 1393 1402 debeamus
1416 1334 1458 1402 ad
1477 1337 1566 1405 omni
1588 1345 1698 1408 nostro

281 1453 461 1546 expanffior
484 1453 717 1546 scapularem
739 1473 782 1523 ex
805 1451 920 1524 eodem
942 1452 1079 1524 casalem
1103 1461 1248 1526 vestrum
1271 1478 1333 1528 uos
1346 1465 1379 1527 et
1397 1458 1515 1530 nostris
1529 1458 1700 1534 heredibus

280 1581 336 1652 ille
361 1603 420 1674 por
441 1579 531 1652 omui
554 1599 661 1650 annue
684 1577 810 1651 culture
833 1577 1018 1652 debeanms.
1041 1586 1075 1650 et
1098 1579 1283 1651 insertitum
1305 1601 1397 1651 reum
1420 1586 1629 1659 castanietum
1650 1592 1698 1659 la·

279 1725 354 1777 cere
376 1715 409 1776 et
432 1703 489 1778 ille
511 1704 653 1776 tractare
679 1701 853 1776 debeamus
884 1701 969 1774 siout
996 1701 1120 1774 iustum
1148 1700 1247 1776 luerit
1279 1709 1313 1774 at
1334 1709 1446 1774 nosco
1471 1709 1641 1798 expondio
1665 1721 1698 1781 et

277 1830 319 1900 de
342 1829 412 1921 ipse
435 1829 554 1901 inserte
577 1835 611 1900 et
632 1835 795 1900 castamas
817 1847 875 1898 seu
899 1825 1011 1899 sorbas
1033 1836 1066 1900 et
1087 1826 1238 1921 bespolos
1261 1835 1294 1900 et
1316 1827 1442 1899 bollane
1465 1851 1531 1924 qne
1554 1830 1600 1900 ibi
1623 1833 1700 1904 abet

135 1991 140 2001 ·
275 1953 329 2028 rel
352 1951 487 2026 abuerit.
513 1955 611 2026 etiam
636 1963 669 2028 et
691 1955 719 2027 si
742 1954 843 2036 melas
866 1953 990 2026 ibidem
1014 1954 1144 2026 abueria
1167 1977 1226 2048 per
1248 1954 1339 2026 omni
1362 1963 1507 2050 temporo
1530 1977 1588 2028 nos
1610 1957 1692 2030 illud

278 2082 430 2179 colligere
461 2081 636 2156 debearm
659 2083 700 2156 ad
724 2083 814 2154 omni
845 2089 959 2154 nostm
982 2082 1164 2176 expendio:
1188 2092 1222 2153 et
1244 2082 1441 2178 quandoque
1464 2105 1524 2178 per
1546 2093 1694 2178 tempore

274 2211 355 2285 illud
377 2212 418 2283 ad
441 2211 661 2306 colligendum
684 2211 869 2284 benerimus
892 2209 986 2282 robis
1008 2208 1104 2280 illum
1127 2209 1277 2282 nuntiare
1300 2209 1472 2284 debeamus
1486 2217 1519 2282 et
1534 2211 1618 2287 inter
1633 2235 1694 2284 no-

274 2335 325 2410 bis
348 2336 432 2410 illud
455 2335 602 2410 dividere
625 2336 799 2410 debeanms
819 2359 878 2432 per
900 2334 1117 2408 medietatem.
1141 2342 1175 2405 et
1196 2335 1266 2426 ipra
1290 2333 1495 2407 medietatem
1513 2344 1619 2409 vestra
1634 2357 1694 2408 nos

275 2471 308 2532 et
331 2461 449 2532 uostris
472 2459 646 2532 heredibus
667 2459 738 2532 illas
761 2459 880 2532 exinde
902 2459 1061 2532 deducere
1084 2457 1258 2530 debeamus
1281 2479 1385 2552 usquo
1399 2459 1487 2530 intus
1509 2469 1690 2532 memorato

275 2585 473 2658 monasterio
495 2586 607 2678 gratis.
632 2595 665 2658 et
686 2586 765 2658 dum
788 2582 959 2655 vobiscum
982 2579 1203 2653 oollixerimus
1217 2581 1285 2674 ipsa
1300 2580 1458 2652 huctoras
1473 2603 1538 2652 una
1553 2604 1688 2676 persona
1748 2649 1751 2654 .

272 2719 378 2784 restra
403 2711 497 2784 vohis
519 2713 645 2784 nutrire
667 2689 851 2784 dehemna‘
864 2719 903 2782 ut
925 2708 1048 2780 iustum
1071 2707 1181 2780 luerit
1205 2713 1238 2779 et
1260 2728 1319 2800 per
1341 2713 1488 2802 tempore
1514 2706 1690 2782 biudemios

272 2833 350 2908 dum
373 2834 551 2908 vobiscum·
567 2835 881 2910 bendemiaherimus
902 2854 962 2927 por
985 2830 1075 2904 omui
1098 2853 1205 2904 annua
1227 2830 1307 2904 duas
1322 2850 1477 2924 personas
1490 2841 1611 2904 vesum
1624 2855 1687 2906 nu·

268 2962 347 3034 trire
369 2961 543 3036 debeamus
567 2985 671 3036 unum
694 2971 729 3034 at
751 2982 903 3056 campum
926 2967 959 3030 et
982 2981 1086 3032 unum
1109 2966 1142 3029 at
1163 2957 1362 3052 pulmentum
1381 2957 1466 3030 sicut
1480 2960 1638 3031 meruerit
1653 2969 1687 3032 ct

267 3088 314 3158 ud
337 3087 460 3159 iustum
482 3087 600 3158 tuerit:
633 3097 667 3160 et
697 3107 878 3184 numquam
909 3086 1135 3180 presummatis
1165 3107 1225 3160 vos
1254 3093 1310 3156 aut
1332 3087 1469 3180 posteris
1491 3091 1606 3160 rastris
1629 3095 1686 3160 aut

269 3220 469 3284 memoratus
492 3219 621 3286 sanctus
644 3221 678 3284 et
699 3213 894 3284 uenerabilis
925 3219 1031 3284 vester
1059 3211 1272 3284 monasterius
1295 3234 1355 3283 uec
1378 3214 1500 3285 abeatis
1521 3214 1685 3286 licentiam

267 3331 577 3428 nohisnostrisqucr
604 3333 777 3406 heredibus
792 3341 1009 3406 memoratum
1031 3335 1168 3406 casalem
1187 3344 1332 3410 smmum
1349 3337 1461 3409 tollere
1475 3347 1507 3409 et
1522 3345 1555 3408 at
1570 3334 1684 3432 quabis

267 3478 436 3550 personam
460 3465 493 3528 at
515 3458 730 3530 laborandum
755 3459 831 3531 dare
855 3459 918 3531 aud
942 3460 978 3530 in
1001 3469 1106 3530 vestra
1129 3461 1361 3556 proprietatem
1384 3461 1479 3534 illum
1495 3461 1683 3554 recolligere

265 3610 325 3681 per
347 3585 475 3660 nullum
497 3585 633 3659 modum
656 3585 740 3658 hone
763 3605 823 3656 nos
846 3593 880 3656 et
900 3584 1073 3658 heredibus
1096 3584 1214 3658 nostris
1237 3583 1331 3656 illum
1354 3575 1534 3658 laborantes
1557 3594 1590 3655 et
1610 3584 1684 3657 cul·

265 3723 368 3787 untes
391 3723 424 3788 ct
447 3714 559 3788 omnia
582 3723 759 3788 memorata
782 3711 1001 3808 adimplentes.
1026 3713 1074 3784 lta
1097 3721 1129 3786 et
1145 3737 1204 3788 nos
1220 3722 1276 3786 aut
1291 3715 1410 3786 nostris
1426 3713 1600 3787 heredibus
1615 3735 1683 3786 non

266 3840 418 3910 mamus
439 3837 602 3912 licentiam
624 3837 718 3910 robis
748 3835 842 3908 illum
871 3829 1097 3908 abrenuntiare
1121 3861 1180 3932 per
1201 3837 1328 3910 nahum
1352 3838 1507 3911 modum:
1535 3848 1683 3911 notamen

267 3965 432 4036 firmamus
455 3962 501 4035 ud
523 3969 659 4058 quantas
681 3981 845 4058 querquas
868 3961 942 4032 abet
966 3939 1018 4032 uel
1042 3961 1170 4034 abueris
1190 3963 1225 4034 in
1239 3971 1455 4034 memoratum
1470 3961 1607 4033 casalem
1622 3986 1681 4034 ve-

151 4093 161 4116 ·
264 4097 367 4160 strum
391 4088 451 4184 qui
472 4113 539 4162 uon
562 4091 660 4164 luerit
682 4090 768 4162 bone
790 4089 958 4164 hrrctilere
981 4090 1009 4162 si
1033 4109 1093 4164 ros
1116 4097 1149 4160 et
1171 4089 1306 4185 posteris
1335 4088 1449 4161 resbis
1471 4088 1524 4161 rel
1547 4109 1679 4160 memo·

264 4224 336 4286 rato
358 4221 471 4285 rocho
492 4212 692 4285 monasterio
714 4211 786 4284 illas
807 4214 925 4286 exinde
948 4214 1135 4286 abscindere
1156 4212 1325 4286 volueritis
1348 4211 1514 4285 licentiam
1536 4218 1569 4283 et
1583 4220 1677 4306 pote·

264 4333 525 4407 statemaheatis
547 4336 637 4407 omni
659 4343 808 4428 tempore
829 4336 1026 4434 quandoque
1050 4336 1241 4412 volueritis:
1265 4339 1400 4434 Insuper
1423 4337 1511 4410 stetis
1526 4334 1619 4408 nohis
1642 4345 1680 4441 ut

261 4462 289 4530 si
313 4483 356 4532 ar
379 4458 533 4532 omnihus
554 4443 750 4530 memoratis'
765 4455 860 4529 robis
882 4459 1105 4554 posterisque:
1132 4461 1247 4534 rmtris
1270 4471 1303 4535 ct
1318 4461 1354 4533 in
1366 4467 1545 4535 memorato
1568 4467 1680 4531 sancto

261 4595 294 4657 ot
316 4583 497 4660 venerabili
519 4591 629 4658 vocuo
651 4581 850 4656 monasterio
873 4603 941 4654 non
963 4581 1246 4678 adimpleborimus
1267 4592 1379 4660 atunc
1393 4581 1558 4656 licentiam
1572 4587 1605 4652 et
1619 4601 1681 4676 pc-

261 4719 410 4784 testatam
434 4707 555 4782 abeatis
566 4729 637 4782 ‚ros
652 4715 686 4782 et
700 4705 837 4802 posteris
851 4706 967 4780 restris
983 4713 1015 4778 et
1028 4713 1227 4780 memoratus
1242 4715 1350 4779 restro
1372 4701 1569 4780 monasterio
1583 4701 1679 4776 nohis

260 4841 458 4934 nostrisque:
484 4833 657 4912 heredibus
680 4845 898 4909 memoratam
921 4834 1058 4908 casalem
1080 4833 1341 4910 vuaunnobie
1364 4831 1478 4948 tollere
1502 4831 1578 4906 ede
1600 4831 1678 4928 plc-
