4888 6528
837 597 981 694 (rra)

201 769 334 856 qnamm
358 767 390 829 at
413 759 460 830 eis
483 781 653 834 necessum
677 761 777 854 fueris
801 784 863 855 pro
886 761 956 834 illas
981 762 1059 834 ubas
1076 765 1117 836 de
1132 765 1208 858 ipsis
1226 765 1321 836 terris
1336 767 1465 838 vestris:
1485 769 1525 840 de
1540 771 1627 841 iam-

202 888 282 958 dicta
304 885 449 979 piscbina
474 895 602 960 vesus:
637 887 758 982 ubsque
793 889 884 962 omni
916 889 1141 962 contrarietate
1164 913 1236 961 mea
1260 890 1356 961 etde
1381 892 1462 964 meis
1487 895 1628 988 propriis

200 1011 391 1086 heredibus:
419 1022 452 1084 et
474 1012 670 1109 quandoque
693 1011 814 1084 ibidem
837 1013 1035 1084 lavoraveris
1058 1013 1221 1087 licentiam
1245 1015 1338 1086 altem
1361 1016 1437 1088 inde
1460 1019 1573 1090 tollere
1597 1031 1630 1090 at

201 1135 315 1209 vibere
340 1147 500 1234 quantum
510 1135 572 1210 ,eis
595 1157 764 1208 necessum
788 1135 907 1208 fueris:
935 1144 969 1206 et
990 1135 1099 1228 ipsum
1114 1136 1214 1208 alium
1230 1139 1430 1230 pulmentum
1445 1143 1551 1215 lacere
1567 1145 1631 1216 de-

201 1263 306 1338 beatis
329 1265 480 1338 conciare
501 1273 537 1336 et
560 1259 752 1360 ooboparire
775 1263 855 1359 ipsis
878 1263 948 1336 aliis
968 1263 1175 1358 portionariis
1191 1267 1307 1338 vestris
1323 1275 1355 1340 et
1369 1276 1401 1338 at
1419 1268 1465 1340 eis
1482 1277 1632 1346 eontrare
1723 1264 1732 1276 ’

201 1416 271 1466 non
304 1393 479 1467 debeamus
511 1394 580 1488 ipsa
612 1393 774 1486 pulmenta
806 1415 867 1485 pro
891 1391 1082 1466 calcandum
1104 1396 1174 1490 ipse
1197 1397 1262 1472 ube
1285 1419 1346 1470 nec
1370 1398 1439 1492 ipsa
1463 1423 1548 1496 aqua
1571 1423 1633 1496 pro

203 1525 276 1618 ipse
292 1524 365 1599 -uba
389 1532 421 1594 et
442 1544 503 1616 pro
527 1522 638 1594 vibere
662 1531 699 1594 ut
722 1521 872 1614 superius
887 1521 1026 1614 legitera
1052 1531 1085 1592 et
1101 1545 1168 1592 non
1187 1523 1306 1596 abeads
1322 1525 1488 1600 licentiam
1504 1551 1563 1602 vos
1578 1540 1635 1602 aut

205 1653 345 1746 posteris
368 1652 482 1726 verbis
505 1659 539 1722 et
561 1656 742 1724 memorato
766 1658 874 1722 vestro
889 1647 1087 1721 monasterio
1103 1649 1186 1724 mibi
1201 1653 1347 1746 meisque
1363 1652 1536 1726 heredibus
1554 1657 1635 1750 ¹illos

207 1783 325 1857 tollere
349 1807 408 1878 per
431 1781 560 1856 nullum
577 1779 796 1852 modum·nar
819 1803 878 1877 per
900 1780 1086 1854 summissas
1108 1801 1281 1886 personas:
1306 1781 1389 1852 bene
1412 1807 1474 1879 ego
1495 1794 1527 1858 et
1551 1807 1636 1878 pro-

204 1912 288 2002 priis
322 1910 401 1982 mais
433 1909 608 1982 heredibus
639 1909 712 1984 illos
743 1910 925 1986 lacerantes
948 1917 983 1984 et
1006 1909 1117 1985 omnia
1140 1919 1319 1987 memorata
1343 1913 1571 2009 atimptantes:
1598 1927 1636 1990 ut

208 2033 466 2128 supertegitur:
494 2035 627 2128 iamper
650 2035 739 2106 stetit
762 2035 848 2108 inter
870 2033 964 2106 nobis
981 2043 1019 2107 ut
1034 2033 1063 2106 si
1077 2055 1137 2106 vos
1152 2042 1210 2105 aut
1224 2035 1362 2128 posteris
1376 2039 1494 2110 renuis
1510 2049 1543 2111 at
1557 2063 1636 2116 me-

209 2167 336 2232 morato
360 2166 469 2232 vestm
492 2159 690 2232 monmtario
713 2158 788 2232 illos
811 2159 958 2235 lacerare
982 2157 1153 2236 bolueritis
1176 2179 1275 2254 super
1297 2183 1357 2232 vos
1373 2162 1458 2232 alara
1473 2165 1557 2236 lacta
1573 2190 1638 2238 ve-

209 2285 304 2356 ritate
331 2282 460 2378 absque
492 2281 585 2354 omni
617 2281 759 2356 colludio
783 2282 946 2360 licentiam
970 2291 1004 2354 et
1026 2291 1216 2378 potestatem
1241 2285 1362 2360 abeatis
1385 2287 1467 2359 mibi
1491 2269 1639 2384 maisqfre

211 2409 356 2504 propriis
378 2407 554 2482 heredibus
577 2406 651 2478 illos
674 2405 806 2478 tollere:
839 2416 873 2480 et
896 2408 1092 2504 quandoque
1118 2434 1181 2506 ego
1204 2419 1239 2480 et
1260 2413 1402 2508 propriis
1425 2414 1507 2488 meis
1531 2415 1633 2487 bara-
1740 2447 1750 2464 ¹

213 2535 310 2610 dibus
334 2535 407 2608 illos
431 2527 657 2608 abremmtiare
681 2533 882 2608 voluerimus
904 2533 1067 2608 licentiam
1098 2545 1131 2610 ct
1153 2545 1346 2629 potestatem
1369 2540 1522 2628 abeamus
1544 2543 1640 2615 vobis

214 2664 399 2759 amnisque
411 2663 568 2768 'posteris
583 2673 615 2734 et
640 2662 674 2734 in
697 2669 876 2736 memorato
892 2673 1001 2736 restro
1016 2661 1215 2738 monasterio
1229 2661 1304 2736 illos
1320 2663 1547 2742 abrenuntiare
1562 2689 1639 2742 cum

216 2793 307 2864 omni
331 2813 388 2862 sun
413 2791 653 2864 melioratione:
671 2791 755 2864 sicut
767 2791 917 2886 superius
933 2789 1075 2864 diximus
1089 2792 1118 2866 si
1136 2814 1234 2886 super
1250 2813 1309 2864 vos
1324 2791 1397 2866 illos
1414 2793 1561 2868 levorare
1576 2795 1642 2868 bo-

217 2919 344 2992 lueritis
367 2919 454 2991 clara
467 2892 561 2991 'tacu
576 2919 713 2992 veritate
728 2919 796 2990 sine
813 2919 904 2990 omni
928 2919 1069 2992 colludio
1084 2921 1246 2993 licentiam
1261 2921 1381 2994 abeatis
1396 2921 1478 2994 mihi
1494 2924 1642 3020 meisque

222 3049 364 3142 propriis
387 3047 563 3118 heredibus
587 3045 659 3118 illos
683 3041 819 3120 tollere:
846 3049 924 3143 qnia
947 3049 992 3120 ita
1015 3047 1108 3120 nobis
1132 3047 1275 3142 placuita
1303 3047 1331 3122 si
1354 3058 1462 3122 antem
1478 3049 1570 3120 aliter
1586 3053 1642 3122 le-

221 3173 364 3245 cerimus
387 3173 427 3243 de
450 3171 502 3243 bis
526 3173 675 3244 omnibus
697 3175 884 3248 memoratis
907 3199 965 3268 per
988 3175 1106 3270 quobis
1130 3177 1267 3248 modum
1281 3185 1337 3249 aut
1355 3176 1543 3250 summissas
1560 3201 1639 3272 per-

136 3285 140 3292 ’
221 3321 315 3372 sonas
339 3300 662 3394 tunocompouimus
678 3301 771 3374 vobis
785 3303 857 3373 anri
873 3303 991 3376 solidos
1006 3303 1179 3376 duodecim
1194 3303 1419 3400 bptbiantbeos
1442 3315 1476 3378 et
1491 3331 1529 3380 ec
1545 3305 1642 3379 ohar-

224 3429 293 3498 tola
315 3437 354 3498 ut
376 3450 475 3520 super
498 3427 618 3520 legitur
642 3429 685 3498 sit
708 3427 801 3500 firma
825 3433 943 3524 scripta
967 3453 1163 3524 parmenus
1187 3433 1287 3526 sergii
1311 3423 1460 3506 tabularii
1483 3459 1542 3530 per
1565 3400 1642 3508 me·-
1676 3502 1678 3520 ,

218 3566 348 3627 morata
368 3551 511 3626 secunda
535 3553 714 3626 indictione
729 3553 761 3648 †
776 3555 840 3628 hoc
862 3557 1035 3654 signum†
1049 3585 1162 3635 manau
1179 3573 1360 3636 memorato
1376 3559 1534 3664 itepbano
1553 3565 1643 3660 qood

221 3698 286 3772 ego
308 3701 369 3773 pro
393 3678 441 3750 cis
456 3676 632 3772 subscripsi
648 3676 678 3772 †
694 3689 727 3750 ct
741 3703 781 3752 oc
797 3681 969 3754 memorati
983 3704 1130 3758 summus
1145 3695 1182 3757 ut
1196 3688 1287 3758 omni
1305 3709 1411 3762 mnne
1427 3712 1491 3786 ego
1507 3700 1541 3762 et
1566 3713 1650 3786 pro-
1797 3678 1801 3686 ⁵

222 3803 305 3897 priis
328 3803 408 3875 meis
433 3801 606 3876 heredibus
631 3805 715 3900 ipsas
738 3805 838 3878 melas
860 3829 938 3878 cum
960 3806 1031 3900 ipse
1051 3831 1151 3882 nuces
1173 3810 1328 3906 colligere
1351 3813 1523 3902 debeamus
1538 3823 1573 3906 qt
1599 3815 1649 3885 dt-

223 3927 373 4000 vidnmus
397 3927 468 3998 illas
492 3928 634 4022 qualiter
657 3929 805 4024 superius
829 3931 967 4024 legitur:

320 4046 465 4141 †nr0
490 4059 693 4126 uerrere
716 4063 893 4130 oratore
913 4029 978 4135 ,Xe
1012 4069 1148 4140 suoru
1176 4071 1303 4140 cucur
1327 4039 1493 4156 corui

324 4171 355 4267 †
378 4195 441 4268 ego
463 4185 575 4268 patrm
599 4177 685 4254 filim
708 4177 833 4250 domini
857 4181 1003 4275 gregorii
1026 4185 1101 4258 testi
1125 4185 1301 4282 subscripsi
1323 4185 1355 4282 †

327 4277 359 4396 †
383 4321 447 4394 ego
470 4309 583 4393 petrus
606 4300 693 4374 tilius
716 4299 840 4376 domini
863 4306 978 4378 oesarii
1004 4309 1077 4382 testi
1100 4310 1274 4407 runafipn
1298 4311 1330 4406 †

260 4495 263 4501 ,
323 4419 452 4520 †ngo
475 4427 600 4520 regim
633 4425 810 4501 tabularius
837 4425 1005 4520 complevi
1028 4442 1060 4504 at
1083 4433 1207 4514 owtrt
1229 4460 1288 4534 per
1311 4448 1487 4518 memorata
1511 4441 1650 4516 sacoma

228 4555 407 4634 indictione
429 4553 461 4651 †

834 4793 1078 4835 am·-
1187 4763 1194 4774 ⁸
