4888 6528
900 590 1044 686 (coep
1174 645 1180 658 .

366 1147 462 1242 †ln
487 1146 621 1220 nomine
645 1143 772 1216 domini
795 1143 848 1216 dei
870 1141 1042 1214 salvatoris
1065 1142 1169 1214 nostri
1192 1140 1287 1213 llresu
1305 1139 1427 1232 Christi
1445 1139 1625 1234 imperante
1639 1141 1703 1212 do-
1794 1158 1857 1226 Αῃ,
1982 1211 1985 1218 ,

285 1277 378 1346 mino
401 1283 514 1348 nostro
536 1274 738 1346 constantino
761 1293 880 1364 magno
900 1272 1094 1364 imperatore
1108 1291 1192 1340 anno
1207 1269 1408 1362 sexagesimo
1425 1277 1540 1362 quarto
1558 1268 1609 1338 die
1622 1291 1708 1339 nona
1777 1285 1892 1354 1027„

291 1401 409 1474 mensis
433 1401 546 1475 martii
569 1401 744 1473 indictione
768 1400 890 1470 decima
914 1399 1064 1491 neapoli:
1087 1399 1231 1491 Antiqua
1246 1395 1443 1468 consuetudo
1458 1395 1556 1468 huius
1572 1396 1709 1471 ciuitatis

294 1533 344 1598 est
367 1533 404 1595 ut
427 1525 667 1618 qualecumque
697 1521 846 1592 chertuln
881 1529 939 1588 out
969 1519 1160 1612 dispositum
1187 1519 1240 1590 ecl
1263 1526 1487 1589 testemonium
1510 1518 1711 1589 annotaherit

293 1647 534 1742 qualecumque
557 1643 688 1715 curiolis
710 1653 768 1712 aut
790 1641 936 1712 notarius
958 1639 1012 1711 vel
1031 1639 1205 1710 tolularius
1228 1640 1296 1710 sire
1317 1617 1492 1731 primirius
1514 1651 1545 1710 et
1568 1663 1628 1732 pro
1651 1661 1709 1710 sun

299 1819 688 1845 .................
705 1769 750 1842 ud
778 1769 861 1840 illud
885 1777 1025 1838 sternere
1049 1775 1082 1837 et
1105 1763 1267 1857 cemplere
1290 1785 1355 1833 non
1379 1763 1580 1833 concurrerit
1601 1777 1710 1857 postea

292 1895 467 1987 primarius
491 1895 549 1988 qui
572 1891 671 1963 huius
699 1891 838 1962 ciuitatis
860 1891 1017 1984 prefuerit
1045 1888 1099 1959 illa
1133 1887 1186 1958 rel
1216 1886 1298 1957 illud
1330 1897 1470 1957 sternere
1494 1896 1526 1956 et
1549 1888 1710 1981 complere

290 2027 324 2084 ct
349 2016 483 2086 firmum
515 2015 690 2087 vel'llrma
723 2025 807 2086 occet
839 2025 873 2086 et
903 2021 1105 2106 permaneret
1134 2021 1171 2081 ut
1200 2034 1261 2106 pro
1292 2013 1514 2084 occansionem
1547 2001 1710 2083 neminem

298 2143 421 2235 periret
455 2145 551 2216 Nunc
574 2155 682 2213 autern
711 2142 872 2214 lenerunt
895 2139 976 2211 milti
1000 2151 1092 2234 petro
1115 2139 1273 2230 primario
1296 2151 1372 2210 note
1407 2141 1480 2212 slve
1503 2141 1543 2210 dc
1567 2139 1712 2210 chartule
1811 2171 1815 2179 ¹

300 2269 480 2342 ctl'ertionis
504 2292 604 2364 quern
629 2271 759 2362 scripsit
784 2270 952 2362 quendem
986 2269 1039 2339 leo
1063 2267 1194 2340 curialis
1218 2279 1267 2339 :ct
1294 2289 1356 2360 pro
1383 2267 1490 2337 dibina
1513 2247 1714 2336 locationem

297 2396 431 2466 minimo
461 2395 515 2465 illa
547 2406 687 2464 sternere
720 2394 910 2462 concurrit:
945 2395 1082 2484 proinde
1102 2417 1166 2485 ego
1192 2403 1387 2464 memoratus
1408 2404 1520 2488 petrus
1542 2393 1717 2486 primarius

295 2521 350 2593 illo
384 2521 493 2592 scrilo
518 2529 550 2590 ct
573 2519 668 2591 lirmo
701 2519 736 2588 in
765 2539 825 2588 ane:
858 2487 1009 2610 paginem
1040 2526 1078 2585 ut
1101 2518 1141 2585 de
1163 2518 1272 2588 omnia
1296 2519 1436 2608 qualiter
1457 2521 1599 2598 continet
1623 2518 1714 2586 firma

295 2651 331 2712 et
354 2640 475 2710 stabilis
498 2649 705 2732 permoneat:
729 2646 762 2706 et
788 2637 860 2736 ipse
883 2648 960 2706 note
984 2636 1149 2706 continent
1171 2638 1216 2706 ita
1232 2637 1286 2708 die
1301 2637 1453 2708 vicesima
1467 2638 1587 2706 mensis
1609 2639 1720 2710 martii

298 2765 479 2835 indictione
503 2766 615 2859 quinta
638 2766 791 2858 neapoli:
831 2763 962 2834 Certum
987 2775 1036 2835 cst
1059 2786 1113 2834 mc
1145 2764 1299 2856 cuprinis
1322 2762 1388 2834 filia
1409 2762 1572 2856 quondum

292 2908 357 2958 una
389 2907 465 2956 cnm
490 2908 647 2956 consensu
680 2897 713 2956 et
750 2885 927 2955 lolemtoto
965 2886 1096 2978 quidem
1133 2883 1267 2956 iohanni
1305 2886 1369 2956 viri
1401 2887 1544 2958 moini
1580 2891 1723 2980 presenti

303 3014 355 3084 dio
386 3015 609 3105 premtissima
639 3011 869 3081 holemtatem:
903 3033 964 3103 pro
989 3011 1110 3081 demini
1141 3034 1285 3082 emmone
1315 3013 1349 3084 et
1377 3014 1581 3085 redemtionis
1614 3017 1723 3088 anime

297 3161 370 3211 meo
394 3156 426 3214 et
453 3142 623 3214 memorati
648 3141 714 3212 viri
739 3140 827 3212 mci:
853 3139 979 3212 hoffero
1003 3154 1036 3212 et
1057 3140 1259 3213 tradorohis
1274 3141 1404 3212 domino
1418 3141 1529 3236 filippo
1544 3127 1721 3218 venerabeli
1817 3151 1821 3158 '

308 3265 470 3355 igumeno
494 3262 681 3334 monasterii
706 3272 890 3334 sanctorem
915 3263 1011 3357 sergii
1037 3274 1070 3334 et
1091 3257 1186 3336 beelei
1210 3267 1268 3362 qni
1284 3289 1370 3338 nunc
1387 3276 1599 3361 congregatus
1622 3279 1669 3338 est
1687 3269 1722 3339 in

308 3385 512 3456 monasterio
535 3396 719 3502 sanctorum
745 3385 892 3457 theodori
916 3396 949 3460 et
971 3388 1140 3459 selestiani
1160 3390 1221 3483 qui
1245 3391 1422 3483 appellator
1445 3391 1600 3485 ensepicte
1624 3393 1722 3462 situm

314 3509 348 3580 in
375 3508 579 3578 biridioriem
605 3519 637 3578 et
660 3517 692 3577 at
715 3517 829 3580 cuncto
854 3517 887 3578 et
910 3509 1085 3579 venerabili
1101 3521 1206 3580 vestra
1224 3513 1474 3605 congregatione
1489 3512 1723 3584 monachorum

310 3633 489 3703 memorati
513 3631 614 3702 sancti
640 3641 673 3701 et
695 3619 890 3703 uenerabilis
913 3635 1012 3705 vestri
1030 3621 1221 3708 ¹monasterii
1245 3649 1278 3708 et
1301 3637 1496 3730 petrosio
1520 3637 1614 3707 illem
1638 3661 1723 3730 gru·

310 3755 476 3828 cisllssum
501 3778 566 3850 quo
589 3777 651 3848 ego
675 3755 809 3849 pingere
833 3757 894 3827 leci
919 3769 951 3829 et
972 3758 1066 3830 illem
1089 3759 1232 3852 positum
1256 3757 1337 3827 obeo
1354 3757 1441 3830 intus
1463 3757 1596 3830 ecclesio
1618 3768 1726 3828 restra

322 3877 424 3956 sancti
447 3877 551 3949 basilii
577 3877 634 3972 qui
658 3887 706 3948 est
728 3879 763 3949 in
785 3879 841 3948 illa
869 3879 1050 3952 ohedientia
1082 3892 1189 3954 restra
1217 3883 1259 3952 do
1281 3881 1463 3950 uonnoria:
1498 3880 1580 3950 idest
1601 3882 1727 3970 integra

322 4019 388 4070 una
412 3997 499 4091 petia
522 4001 563 4104 de
587 4013 671 4072 terra
704 4011 816 4070 nostra
846 4022 911 4091 quc
939 4011 1075 4072 uocatur
1106 4001 1210 4078 fabule
1232 4001 1337 4092 posita
1360 4001 1394 4069 in
1415 4000 1490 4069 loco
1511 4001 1580 4092 qui·
1594 4011 1728 4071 uocatur

277 4181 284 4198 .
320 4123 505 4195 arinianom
527 4125 616 4218 qnod
641 4132 689 4194 est
712 4125 791 4195 loris
823 4124 968 4196 ssuheum
997 4145 1062 4193 nne
1094 4145 1170 4196 eum
1193 4123 1363 4194 utorilrus
1386 4131 1419 4193 et
1441 4124 1610 4195 introitum
1631 4147 1729 4199 suum

240 4271 252 4282 ‘
310 4259 344 4322 et
374 4243 525 4318 omnihus
547 4245 610 4316 siri
632 4245 893 4338 pertinentibus:
930 4247 1104 4348 coherente
1129 4247 1193 4322 atei
1222 4247 1265 4318 ab
1288 4268 1356 4319 ono
1378 4246 1477 4320 latere
1505 4248 1614 4318 rihum
1636 4271 1730 4343 quo-

323 4374 424 4445 modo
448 4395 533 4468 aqna
556 4373 677 4444 exinat
701 4381 734 4442 et
758 4371 797 4442 de
821 4370 888 4440 alio
912 4371 1011 4442 lutere
1034 4383 1118 4446 terra
1142 4396 1207 4469 qno
1231 4385 1319 4446 tenet
1339 4397 1422 4445 anne
1444 4383 1478 4444 ct
1501 4374 1575 4447 liliis
1596 4375 1664 4446 suis
1686 4374 1729 4444 de
1773 4413 1775 4418 .

323 4517 390 4566 uno
415 4495 521 4589 capite
545 4503 632 4564 terra
656 4491 800 4587 gregorii
830 4492 900 4562 lilio
929 4493 1059 4586 sparani
1090 4493 1130 4564 de
1160 4503 1340 4598 memorqo
1363 4495 1437 4565 loco
1459 4472 1640 4565 arinia'rnum
1662 4515 1729 4587 quo

320 4643 399 4695 oum
432 4643 494 4714 pro
523 4619 780 4715 pastenationem
810 4619 916 4713 tetigit
946 4619 1044 4690 ciculi
1067 4620 1153 4692 inter
1173 4643 1210 4692 so
1233 4621 1379 4692 terminis
1402 4619 1521 4693 extuat
1544 4628 1577 4692 et
1600 4622 1640 4692 dc
1663 4619 1732 4692 olio

319 4742 425 4836 capite
450 4739 582 4812 cohcret
605 4749 691 4812 terra
715 4740 886 4812 memorati
909 4739 1009 4813 nestri
1031 4739 1221 4816 monasterii
1241 4741 1338 4812 sicuti
1361 4741 1445 4814 inter
1459 4764 1494 4813 so
1510 4743 1655 4813 terminis
1668 4767 1733 4816 ox·

321 4865 422 4939 final:
444 4865 530 4940 unde
551 4863 636 4937 nilril
661 4863 744 4940 milei
767 4863 883 4940 exinde
907 4861 1041 4960 aliquod
1064 4862 1218 4959 remensit
1241 4871 1293 4934 out
1316 4863 1730 4960 reserlabisctapresenti
