4940 6518
342 1123 372 1221 †
397 1127 433 1197 ln
465 1125 597 1201 nomine
628 1123 753 1197 domini
776 1123 829 1196 del
852 1124 1020 1200 salvatoris
1040 1127 1144 1200 nostri
1166 1125 1263 1200 lltesn
1277 1129 1395 1202 Christi
1411 1129 1593 1227 lmpcrante
1606 1133 1672 1206 do-

249 1258 341 1330 niino
372 1261 485 1326 nostm
515 1253 631 1324 basilio
663 1274 782 1348 magno
803 1253 1004 1346 Imperatore
1027 1275 1113 1328 anno
1587 1284 1672 1334 con-

248 1382 391 1456 stentino
414 1380 514 1450 irater
536 1377 607 1470 ejus
629 1399 749 1471 magno
771 1379 968 1470 impostore
990 1395 1076 1452 anno
1098 1382 1371 1474 quadregesimo:
1395 1382 1448 1456 die

371 1505 488 1576 mensis
520 1501 676 1574 februarii
703 1500 880 1572 indictione
904 1503 1011 1596 prima
1033 1503 1186 1596 neapolie
1212 1503 1345 1576 Certum
1360 1515 1409 1577 est
1423 1529 1482 1578 nos
1502 1529 1674 1602 maranum

249 1629 409 1704 humilem
426 1615 656 1722 ‘presbyterum
679 1633 712 1696 et
734 1623 922 1718 primicerio
943 1625 1207 1720 congregationis
1225 1626 1340 1699 charta
1362 1635 1453 1700 sexte
1471 1629 1553 1702 feria
1569 1634 1674 1704 eoele-
1732 1693 1737 1703 .

249 1759 297 1828 sia
328 1755 429 1828 sancti
462 1751 588 1848 georgii
618 1749 774 1824 catholico
805 1751 940 1845 majoris
969 1753 1059 1848 qood
1088 1762 1139 1826 est
1169 1753 1304 1826 eeclesia
1335 1754 1484 1828 sobriante
1506 1778 1674 1832 unacum

249 1894 346 1956 cunta
369 1894 478 1954 nostra
501 1880 751 1976 congregatione
773 1879 976 1954 sacerdomn
999 1891 1177 1956 memorate
1192 1882 1323 1954 charte:
1349 1904 1514 1980 quamque
1529 1895 1563 1957 et
1577 1896 1673 1960 cunta

250 2006 397 2080 emunitas
428 2005 518 2101 plevi
547 2015 725 2080 memorate
756 2003 909 2078 ecclesia:
931 2006 963 2078 Α
984 2007 1127 2101 presenti
1147 2005 1466 2100 depromptissima
1495 2009 1673 2082 volumtate

250 2131 516 2207 aennmslcdimus
539 2141 572 2204 et
595 2129 787 2206 tradidimus
811 2130 870 2206 mi
894 2129 1029 2205 ononi
1051 2131 1121 2206 lilio
1137 2107 1303 2226 qnondam
1318 2128 1467 2206 annosis·
1484 2135 1537 2204 cni
1553 2157 1674 2206 nomen

249 2259 358 2332 hscnli
386 2269 421 2332 et
444 2259 584 2332 slsitetor
1156 2265 1258 2331 terras
1278 2257 1364 2352 juris
1386 2269 1564 2332 memorate
1588 2285 1674 2332 oon-

249 2385 453 2481 gregationes
481 2382 592 2456 cirsrtc
615 2392 648 2456 et
665 2383 822 2479 jamdicta
844 2391 935 2460 sexta
958 2381 1039 2456 ferta
1501 2385 1582 2456 duas
1598 2385 1675 2456 clu-

143 2487 153 2501 ·
248 2515 355 2591 autin
377 2513 413 2586 in
436 2535 505 2586 nno
525 2513 679 2586 teniontia
701 2534 767 2585 una
791 2533 868 2586 cum
891 2509 1062 2586 intonsos
1084 2517 1117 2586 ol
1139 2508 1287 2582 introitas
1310 2531 1384 2584 suas
1400 2509 1615 2604 omnibusque
1630 2513 1676 2584 cis

248 2637 486 2732 pertinentibus
508 2645 541 2713 et
563 2635 751 2714 nominatur
773 2645 808 2709 et
830 2633 964 2729 ponitur
986 2642 1028 2706 at.
1051 2656 1169 2726 campa
1199 2631 1241 2705 (la
1264 2632 1349 2706 lusia
1378 2657 1442 2708 una
1473 2656 1560 2706 oum.
1582 2635 1677 2708 arbo-

249 2765 340 2866 rilso‘s
362 2775 397 2838 ct
419 2767 569 2840 introita
591 2785 666 2838 suas
698 2775 733 2836 ct
763 2787 840 2840 cnm
872 2763 1072 2858 palmenmm
1102 2761 1255 2834 moion
1287 2762 1346 2857 (psi
1377 2763 1423 2836 isi
1455 2771 1505 2836 est
1535 2775 1568 2838 et
1600 2787 1676 2837 cum

249 2893 399 2968 omnibtu
421 2893 468 2966 cm
489 2891 739 2988 pmtinentilnss:
758 2899 791 2962 et
811 2889 944 2965 iasimct
966 2887 1099 2962 coleret
1121 2890 1161 2961 de
1185 2909 1252 2960 uso
1275 2887 1373 2961 latere
1397 2889 1451 2961 hio
1476 2889 1595 2984 publici
1619 2893 1678 2963 uni

130 3107 135 3118 Ι
249 3031 297 3092 est
318 3020 409 3094 silice
433 3019 576 3114 pillioic
601 3017 642 3092 ‹le
672 3013 737 3088 elio
760 3015 858 3088 latere
887 3024 973 3088 terra
995 3012 1184 3088 monasterii
1208 3014 1309 3084 sancti
1331 3014 1516 3086 sebastiani:
1546 3017 1587 3088 do
1611 3041 1678 3090 uno

251 3151 356 3242 eapite
378 3157 466 3218 terra
489 3145 624 3218 herodes
647 3144 811 3252 quonlam
1158 3139 1218 3236 qui
1240 3140 1407 3213 dicebatur
1429 3143 1610 3216 macella:
1638 3149 1677 3219 de

249 3273 317 3346 alio
339 3269 446 3362 capite
469 3265 617 3340 comta
638 3263 828 3358 quipergil
842 3271 875 3334 nt
889 3263 1040 3338 coselims
1063 3264 1103 3338 de
1124 3277 1306 3338 memorato
1329 3263 1403 3336 loco
1426 3267 1558 3338 tertium
1582 3277 1616 3338 et
1639 3293 1679 3342 es

251 3391 343 3468 osni
365 3397 456 3484 pute
479 3403 534 3462 oss
563 3385 649 3480 sepis
680 3397 714 3458 et
744 3387 878 3458 fossatus
908 3385 1125 3460 circumdant:
1149 3385 1199 3468 h
1229 3411 1297 3484 qua
1324 3387 1406 3460 nisit
1436 3389 1531 3462 nolsis
1563 3393 1679 3465 annac

251 3517 385 3615 aliquod
408 3513 563 3616 remansit
586 3522 643 3586 sat
668 3511 904 3586 rescslsslrimus
928 3535 988 3584 nec
1011 3513 1045 3587 io
1069 3513 1171 3586 aliena
1195 3537 1331 3608 persona
1364 3519 1587 3593 wmnisimus
1619 3545 1679 3618 po.

249 3655 376 3722 tulate:
405 3643 559 3716 etiamst
581 3639 728 3738 quinque
751 3639 862 3716 claerte
890 3639 1007 3715 exinde
1036 3643 1234 3716 mammes
1262 3657 1404 3740 aposta
1433 3651 1618 3726 camisinus
1643 3655 1677 3726 in

250 3785 343 3849 inmo
369 3774 489 3888 scripte
518 3771 623 3866 prima
647 3770 758 3842 charta
779 3769 981 3845 hollestionis
1004 3793 1068 3864 que
1092 3771 1168 3844 lecit
1190 3774 1300 3868 sergio
1323 3777 1415 3850 miles
1439 3779 1542 3853 filium
1565 3807 1678 3878 quon-

252 3902 326 3974 dam
355 3899 546 3974 venerabilis
569 3897 691 3970 domini
714 3896 784 3970 mni
806 3920 871 3972 ima
893 3919 972 3972 cnm
995 3919 1155 3968 consessu
1177 3909 1211 3968 ct
1234 3899 1400 3973 actoritate
1430 3904 1516 3978 lucie
1544 3908 1679 4002 conjugi

1769 1155 1831 1222 An.

1750 1294 1860 1352 1003.

251 4051 309 4102 sue
331 4040 365 4101 et
390 4051 449 4124 por
473 4026 674 4100 absolutione
697 4024 822 4098 donnini
851 4023 1007 4098 comati
1036 4024 1227 4096 sanctissimi
1254 4027 1396 4122 episcopi
1421 4039 1527 4100 sancto
1552 4054 1679 4124 neapo-
1755 4081 1759 4087 .
1787 4035 1790 4042 “

251 4159 347 4230 litane
381 4157 515 4230 ecclesie
544 4164 577 4229 et
604 4163 637 4226 at
659 4165 837 4226 memorate
860 4151 1119 4250 congregationis
1142 4153 1254 4227 charte
1276 4169 1309 4228 ot
1332 4167 1366 4227 at
1388 4171 1563 4230 memorata
1586 4169 1678 4234 stau-

253 4289 349 4362 ritas:
375 4288 515 4372 sessum
543 4281 654 4354 charta
683 4283 774 4376 qnod
804 4289 854 4354 est
884 4283 1010 4354 merissi
1040 4282 1232 4355 diliisionisa
1265 4287 1356 4357 tertia
1386 4285 1497 4358 clota
1527 4289 1679 4362 cessionis

253 4433 318 4506 que
339 4411 417 4484 lacit
439 4419 533 4506 poteo
555 4407 686 4480 milano
710 4403 779 4478 lilio
802 4407 967 4500 qnondam
990 4405 1189 4499 brigas-acini
1212 4407 1325 4481 militis
1356 4421 1389 4483 at
1417 4414 1548 4484 nonina
1579 4415 1678 4506 sergii

253 4537 485 4635 nogotiatorise
517 4545 634 4631 quarta
666 4532 778 4605 charta
817 4554 917 4628 quem
947 4524 1032 4604 lecit
1064 4532 1143 4627 lupo
1181 4535 1368 4630 presbytero
1406 4539 1475 4612 filio
1513 4538 1677 4631 quondam

254 4685 338 4735 sone
361 4658 519 4734 memorie
542 4657 640 4752 sergii
664 4656 855 4752 carpentarii
880 4667 913 4730 et
936 4657 1127 4752 dispositore
1158 4659 1290 4733 ecclesie
1322 4661 1407 4735 beati
1440 4661 1622 4755 pantaleoni
1647 4677 1679 4735 at

253 4813 371 4863 nomen
396 4788 528 4862 domino
553 4795 646 4881 petro
670 4783 858 4882 presbytero
882 4797 915 4857 et
937 4788 1073 4876 domino
1094 4788 1248 4882 stephano
1272 4788 1541 4882 emhiprimicsrii
1565 4793 1679 4886 quinta

256 4920 367 4994 charta
389 4917 611 5015 promissionis
635 4939 734 5014 quem
765 4915 842 4989 lecit
871 4913 1005 4992 domiso
1028 4916 1185 5012 cepiano
1222 4917 1496 5033 sscliprimicsrio
1520 4929 1553 4994 et
1576 4920 1680 4992 domi-
