4888 6528
859 559 1002 657 (tre)

756 791 760 800 ¹
836 843 1029 922 cccxvnr.

312 1109 344 1207 †
366 1111 405 1182 ln
427 1105 561 1182 nomine
584 1103 710 1178 domini
733 1103 786 1180 dei
808 1102 978 1178 selretorie
994 1103 1096 1178 noetri
1109 1104 1204 1178 lhctu
1219 1103 1355 1179 Christi:
1372 1107 1554 1204 imperante
1569 1106 1642 1206 do·
1736 1102 1797 1172 An·

217 1237 310 1312 mino
333 1245 447 1331 noetro
469 1233 587 1308 besilio
611 1232 956 1330 magno-imperotore-
971 1232 1271 1329 ennoeexrgeeimo
1287 1234 1415 1330 primo:
1435 1233 1492 1308 red
1507 1244 1539 1308 et
1554 1259 1641 1310 con·-
1720 1239 1828 1299 ¹021·

219 1361 358 1434 etendno
390 1363 489 1434 trater
520 1359 591 1432 eine
621 1381 745 1454 magno
772 1359 965 1452 imperatore
997 1379 1082 1428 anno
1110 1358 1380 1454 quinquagesimo
1403 1359 1562 1434 hoctaber
1589 1361 1643 1456 die

220 1489 457 1585 quintadecima
487 1487 606 1562 meneie
639 1486 792 1558 februarii
823 1486 997 1558 indictione
1029 1493 1143 1578 quarte
1174 1487 1319 1580 neapoli:
1349 1487 1482 1560 Certum
1509 1502 1559 1563 eet
1581 1511 1641 1564 noe

220 1617 434 1713 heteplrcnnm
469 1613 527 1711 qni
547 1617 733 1687 nominetur
756 1613 879 1686 rcerola
902 1611 1004 1685 lilium
1027 1609 1191 1706 quondam
1213 1613 1298 1706 petri
1322 1612 1464 1684 scerolnc
1491 1623 1524 1686 et
1547 1639 1642 1690 cese-

219 1744 309 1818 rium
332 1753 364 1818 ct
387 1741 575 1840 gregorium
597 1763 748 1838 eeugemn
770 1763 933 1838 quemque
947 1738 1085 1812 hnillictn
1099 1737 1233 1810 uterinis
1248 1737 1409 1833 germanis
1422 1746 1455 1812 et
1474 1762 1642 1835 germanae

219 1866 286 1938 hoc
309 1877 357 1939 eet
379 1867 526 1960 genitore
548 1873 582 1940 et
604 1867 718 1940 filioer'
733 1887 796 1960 ego
818 1872 996 1936 memorate
1014 1885 1109 1958 geme
1132 1883 1208 1936 curn
1230 1885 1389 1938 consensu
1404 1863 1554 1939 hhennss
1578 1867 1643 1940 viri

218 1987 315 2060 mci:
355 1997 389 2060 et
425 2009 488 2082 ego
524 1997 704 2062 memorate
741 1983 880 2058 heillicta
917 2007 994 2058 cnrn
1021 2007 1180 2094 ¹eorreeneu
1209 1985 1294 2058 been·
1335 1987 1399 2060 viri
1441 1987 1534 2060 mei:
1583 2013 1642 2064 noe

218 2119 400 2186 memorato
423 2107 578 2206 eteplttno
601 2118 634 2180 et
667 2119 847 2182 memorato
880 2106 1004 2180 cesario
1040 2128 1098 2178 eeu
1129 2116 1307 2178 memorato
1337 2111 1491 2204 gregorio
1522 2111 1644 2187 abitare

219 2241 371 2316 videmur
393 2239 429 2312 in
451 2237 525 2310 loco
547 2237 606 2336 qni
628 2237 815 2310 nominetur
837 2237 967 2312 mnne:
994 2245 1027 2308 et
1049 2257 1109 2308 noe
1131 2245 1323 2310 memoratos
1339 2262 1508 2334 germane
1523 2240 1644 2315 elriterc
1739 2326 1745 2336 ,

191 2397 193 2402 ·
218 2367 374 2442 ridemur
396 2365 433 2438 in
454 2363 529 2436 loco
552 2363 611 2459 qni
632 2362 822 2434 nominetur
845 2360 991 2434 lornarii:
1007 2363 1039 2434 A
1053 2365 1192 2456 presenti
1206 2364 1263 2436 die
1275 2367 1492 2459 promtissime
1511 2369 1645 2446 volute-

218 2498 291 2564 ten
314 2485 552 2560 eomntehirnut
574 2491 608 2558 et
630 2481 820 2556 tradidimus
842 2481 937 2554 robis
959 2481 1090 2554 demine
1104 2482 1282 2556 ltmneendn
1297 2489 1470 2560 venerabili
1489 2475 1645 2568 alrlretiese¹

218 2611 412 2690 monosterii
435 2610 534 2686 tancti
556 2608 737 2683 marcellini
761 2607 943 2705 pncllemm
967 2605 1112 2680 domini:
1138 2631 1203 2680 nne
1218 2629 1295 2680 cnm
1311 2617 1420 2706 cunita
1439 2602 1544 2685 restra
1558 2640 1644 2690 con-

218 2737 411 2836 gregatione
444 2723 675 2813 ntoncchernnr
709 2735 879 2808 memorati
901 2733 1003 2807 enncti
1032 2741 1066 2804 ct
1087 2731 1278 2806 venerabilis
1305 2737 1404 2808 ventri
1431 2742 1641 2820 monosterii:

218 2867 307 2942 ldeet
329 2865 468 2961 integre
493 2866 572 2939 duno
593 2865 837 2961 peteretne
860 2861 902 2934 de
925 2870 1027 2936 terres
1049 2881 1114 2932 une
1147 2843 1223 2931 cuin
1254 2859 1442 2935 intereienm
1474 2885 1570 2939 sunm
1608 2867 1656 2940 in·

218 2989 328 3084 capite
355 2990 397 3064 dc
423 3013 490 3064 nne
511 3013 554 3062 ex
577 2990 646 3084 ipre
669 2987 755 3084 petie
778 2985 970 3058 coninntnm
993 2983 1082 3080 quod
1104 2989 1179 3056 eunt
1202 2983 1296 3056 ambe
1318 2985 1354 3058 in
1377 3009 1445 3058 nno
1477 2991 1645 3068 tenientice

218 3113 413 3186 concitore
434 3114 471 3206 in
486 3112 567 3207 aloco
590 3111 651 3208 qui
672 3107 857 3182 nominator
880 3127 995 3200 compo
1018 3105 1145 3178 romani
1161 3107 1201 3180 cd
1216 3105 1272 3178 ille
1286 3108 1468 3203 palmente:
1487 3136 1552 3186 nne
1568 3123 1648 3188 cunt

220 3231 398 3332 erborilrne
417 3245 451 3308 et
465 3234 635 3330 ineptum
648 3255 745 3312 nuum
762 3241 795 3306 et
810 3229 961 3304 omnibns
983 3228 1045 3302 eilri
1069 3229 1322 3325 pertinentibus:
1347 3235 1526 3327 pertinente
1550 3238 1646 3312 nobie

219 3341 414 3440 memoratio
435 3363 597 3458 germmie
612 3369 645 3436 et
660 3381 829 3458 germem
851 3358 969 3434 exinde
984 3366 1090 3454 partes
1106 3359 1267 3454 quedtnor
1282 3381 1341 3454 per
1355 3365 1521 3455 quendem
1536 3363 1643 3439 henna

215 3494 379 3592 genitrice
411 3499 545 3562 nostra:
579 3499 613 3562 et
646 3489 729 3569 nrihi
759 3497 940 3563 memorato
963 3469 1142 3582 heteplrano
1169 3488 1287 3560 exinde
1319 3491 1459 3583 pertinet
1488 3492 1551 3566 elie
1579 3518 1645 3569 una

212 3603 314 3720 perte
330 3619 418 3717 quod
433 3627 481 3690 cet
496 3617 627 3713 quinte:
647 3639 706 3712 per
729 3621 973 3710 comparatum:
999 3613 1171 3686 coherente
1186 3613 1248 3686 siti
1272 3615 1313 3686 ed
1335 3616 1405 3710 ipen
1427 3617 1531 3713 prima
1554 3624 1643 3718 petia

212 3747 280 3822 utri
304 3755 352 3820 cet
373 3749 442 3840 ipse
466 3743 619 3816 intertico
642 3741 684 3817 at
706 3765 773 3816 uno
795 3741 895 3814 letere
921 3735 1012 3814 ierrn
1043 3742 1168 3816 domini
1197 3746 1311 3816 cesarii
1343 3743 1458 3820 hrunci
1490 3761 1524 3822 et
1556 3750 1643 3826 eub-

211 3875 342 3970 scriptn
364 3873 503 3944 necunde
517 3871 623 3966 petiae
648 3869 743 3942 sicuti
774 3869 917 3942 intereo
941 3868 1099 3944 terminer»
1117 3870 1266 3943 exfined:
1292 3881 1325 3944 et
1348 3873 1422 3946 abet
1445 3875 1491 3946 ilri
1514 3877 1555 3948 de
1569 3877 1653 3950 lon·-

209 4000 370 4100 gitudine
402 3999 488 4092 peeei
525 3997 737 4094 qnadraginta
768 4017 871 4068 nnnm
900 4005 934 4069 et
964 3996 1006 4068 de
1040 3995 1105 4067 elio
1128 3996 1227 4068 latere
1250 3997 1308 4068 nbi
1331 4009 1379 4072 eet
1401 4003 1470 4094 ipse
1492 4001 1651 4076 intereico·

209 4134 357 4208 coheret
387 4137 473 4202 terre
504 4125 650 4222 stephani
671 4125 851 4222 presbytcri
881 4145 1040 4219 germano
1068 4131 1180 4198 noeto
1211 4125 1398 4198 memoretis
1420 4129 1585 4222 germanie
1608 4143 1642 4205 et

209 4273 392 4354 germanos
422 4259 457 4324 et
479 4257 655 4320 memorata
686 4269 752 4318 nne
779 4243 935 4339 genitrice
965 4256 999 4318 et
1029 4245 1070 4319 de
1099 4246 1247 4342 singulos
1279 4248 1460 4342 genitore:
1494 4260 1528 4324 et
1560 4277 1641 4350 prc-

208 4381 326 4476 bigno
355 4395 432 4448 meo
459 4369 630 4444 memorati
651 4365 800 4462 stephani
821 4364 923 4436 eicnti
946 4365 1031 4436 inter
1054 4389 1090 4439 ee
1105 4370 1257 4444 termine
1273 4369 1426 4448 exlinedr
1453 4381 1488 4449 et
1505 4373 1580 4446 elret
1594 4377 1641 4448 ibi
1768 4426 1772 4434 ‚

213 4504 261 4575 de
289 4495 494 4593 longitndine
518 4493 603 4588 pessi
626 4489 841 4590 quadraginta
866 4484 1030 4584 quinque:
1054 4491 1150 4562 etde
1174 4515 1241 4566 nno
1263 4497 1367 4590 capite
1391 4507 1440 4570 cet
1463 4506 1550 4570 terre
1571 4499 1640 4592 lupi

211 4627 281 4724 qui
307 4623 494 4716 nominetur
517 4617 764 4708 molinatorem:
787 4611 883 4684 sicuti
904 4611 989 4682 inter
1012 4633 1047 4684 ee
1070 4613 1223 4686 termines
1239 4616 1387 4692 exlinedr
1403 4630 1436 4692 et
1450 4619 1523 4692 obet
1537 4621 1584 4692 ibi
1600 4623 1640 4696 de

214 4750 396 4824 latitudine
410 4750 494 4845 penei
510 4745 723 4843 qnedcginta
740 4742 844 4814 dnos:
872 4739 961 4812 etde
977 4738 1043 4810 elio
1059 4741 1163 4833 capite
1177 4748 1225 4812 eet
1240 4751 1325 4813 terre
1339 4742 1424 4838 petri
1437 4753 1471 4818 et
1491 4745 1640 4821 iolrcnnis

213 4887 362 4978 nepotes
384 4888 418 4950 et
439 4873 607 4954 exeedelss
629 4868 792 4968 germanie
816 4866 934 4942 nostrie
957 4867 1053 4940 sicuti
1075 4867 1159 4940 inter
1186 4889 1221 4942 ee
1247 4870 1398 4946 termine
1428 4871 1576 4949 exfined:
1608 4888 1641 4950 ct
