4882 6534
1367 535 1569 696 im)

791 785 881 878 prdas
905 803 963 854 scu
986 776 1113 872 egripas
1138 779 1171 843 et
1193 771 1327 840 lamnas
1350 769 1383 835 et
1404 761 1519 832 riom.
1543 737 1721 873 montibus.
1746 755 1898 838 collibus,
1921 766 2067 847 pppffiffl·
2101 777 2220 876 mm

790 931 848 982 seu
870 895 1052 1002 paludibus.
1087 897 1155 968 sibe
1178 894 1212 962 in
1237 890 1338 962 altum
1372 885 1425 959 rei
1449 886 1484 958 iu
1505 883 1656 981 planum.
1687 891 1721 957 et
1745 911 1824 962 cum
1847 889 1968 968 bineis.
1997 909 2029 972 et
2051 903 2206 980 cerbstis.

791 1053 850 1100 seu
872 1021 1052 1116 cerquetis.
1078 1027 1111 1088 et
1134 1013 1331 1085 castanietis.
1353 1007 1516 1104 simulque
1538 1017 1572 1080 et
1594 1029 1672 1081 cum
1695 1013 1903 1088 accuocioras
1926 1029 1959 1090 et
1981 1023 2205 1118 aquiliam,

792 1175 849 1222 scu
872 1147 970 1216 maris
994 1139 1240 1237 piscationibus.
1270 1145 1303 1206 et
1336 1135 1522 1210 cambiis.
1553 1142 1586 1205 et
1610 1133 1752 1208 andus
1783 1147 1818 1209 et
1848 1126 1999 1216 idtroitas
2024 1167 2150 1219 etrttm.
2180 1163 2213 1224 es

792 1295 867 1345 cum
890 1267 1000 1340 omnia
1023 1255 1111 1340 intus
1144 1275 1178 1335 se
1192 1261 1388 1333 abentibus.
1418 1257 1633 1353 omnibusque
1662 1259 1726 1333 sibi
1756 1264 2007 1356 generaliter&
2032 1270 2068 1340 in
2091 1270 2216 1366 integro

790 1393 1042 1494 pertinentibus.
1078 1393 1127 1462 ue
1151 1387 1271 1485 quibus
1288 1383 1487 1458 nibil-uobis
1502 1382 1620 1455 exinde
1637 1383 1768 1480 aliquod
1784 1389 1939 1460 remansit
1958 1379 2043 1463 ‘baut
2066 1396 2217 1467 reserba-

791 1525 914 1598 bimus.
946 1547 1005 1594 nec
1030 1521 1064 1593 in
1089 1521 1190 1592 aliena
1225 1518 1383 1612 cuiusque
1413 1533 1568 1607 personas
1598 1511 1688 1608 quod
1715 1512 1798 1585 absit
1820 1517 2043 1590 commisimus
2066 1531 2125 1593 aut
2149 1525 2211 1598 iant

792 1655 1026 1728 committimus
1049 1659 1264 1746 potestatem:
1291 1654 1339 1716 set
1363 1667 1382 1758 a
1406 1663 1493 1714 nunc
1515 1647 1549 1713 et
1562 1639 1712 1734 deinceps
1726 1665 1745 1712 a
1760 1641 1854 1716 nobis
1871 1643 1965 1718 vobis
1976 1647 2021 1718 sit
2037 1649 2215 1725 offertum

795 1786 828 1850 et
851 1778 1003 1849 traditum
1026 1773 1062 1846 in
1087 1783 1192 1842 vestra
1215 1767 1393 1862 vstraque
1410 1761 1548 1860 posteris
1556 1771 1806 1862 memoratoque
1824 1757 2214 1870 vesueccngrsgsrionis

793 1906 855 1977 sint
879 1907 1069 1996 potestatem
1095 1907 1127 1966 at
1150 1916 1276 1988 semper
1299 1891 1462 1964 ebandum
1485 1899 1518 1962 et
1532 1889 1777 1984 possidendum.
1799 1915 1858 1966 seu
1873 1896 2094 1991 b'upiandcm.
2117 1914 2213 1974 etex

794 2033 878 2120 ipsas
901 2026 1022 2118 fruqias
1045 2021 1263 2115 faciendique
1279 2018 1467 2092 volueritis.
1503 2030 1536 2090 et
1551 2041 1658 2115 neque
1672 2043 1691 2088 a
1704 2018 1798 2090 nobis
1820 2026 1990 2097 memorati
1999 2017 2128 2121 iugales
2143 2051 2211 2098 ne·

793 2173 858 2246 que
882 2173 901 2218 a
925 2145 1041 2218 nostris
1074 2141 1247 2214 heredibus
1269 2165 1329 2214 nec
1351 2165 1371 2212 a
1393 2142 1488 2214 nobis
1510 2161 1681 2238 personam
1702 2141 1919 2220 summissam
1949 2147 2049 2218 nulio
2064 2156 2210 2242 ternpore

795 2299 974 2371 numquam
998 2295 1057 2344 tros
1079 2279 1260 2342 memorato
1293 2269 1427 2342 domiuo
1455 2277 1550 2362 petro
1584 2267 1757 2341 venerabili
1789 2268 1893 2342 abbati
1914 2274 2073 2368 ttut'ipse
2097 2285 2209 2348 vestro

793 2403 990 2477 monmtario
1024 2399 1075 2474 vel
1109 2399 1177 2493 ipsa
1191 2424 1193 2432 ¹
1209 2394 1315 2472 vestm
1334 2391 1555 2491 'congregatio
1583 2395 1783 2491 presentibus
1815 2390 1989 2475 ct'iuturir
2010 2403 2102 2494 quod
2124 2404 2214 2474 absit·

793 2518 914 2605 abeatis
937 2526 1053 2600 exindo
1077 2525 1250 2620 aliquando
1271 2545 1480 2622 quacumque
1502 2525 1753 2622 requesitioncm
1777 2533 1834 2597 ant
1854 2524 2037 2600 molestiam
2060 2545 2119 2621 per
2134 2528 2207 2602 nul-

791 2657 860 2728 lum
883 2653 1017 2726 modum
1040 2672 1100 2724 uec
1123 2673 1183 2746 per
1205 2651 1408 2726 summosam
1431 2673 1604 2746 persenam
1619 2653 1663 2724 ha
1677 2673 1767 2726 nuuc
1789 2659 1823 2725 et
1846 2643 2054 2749 imperpetuis
2079 2663 2208 2750 tempo-

790 2783 895 2856 ribus.
917 2781 1096 2852 Hactamcn
1119 2777 1291 2850 statuimus
1313 2787 1347 2851 et
1369 2779 1535 2853 firmamrrs
1557 2789 1595 2852 nt
1617 2780 1798 2856 nuliatenus
1813 2782 2037 2876 presummstb
2051 2803 2110 2853 aas
2126 2782 2207 2854 baut

790 2901 926 2998 posteris
949 2902 1064 2974 restris
1088 2899 1141 2975 vei
1164 2899 1228 2972 alia
1250 2899 1366 2996 quabis
1389 2921 1542 2995 personas
1574 2902 1681 2998 parba
1696 2913 1752 2976 aut
1773 2925 1895 3000 magna·
1911 2911 2060 2978 erutuet
2082 2904 2134 2976 vet
2158 2903 2201 2976 de

790 3050 864 3102 mea
888 3017 1073 3126 genealogia
1097 3027 1269 3126 aliqnando
1292 3037 1439 3123 tempere
1463 3019 1507 3102 ai
1528 3031 1598 3126 ipsa
1620 3031 1830 3112 hereditatem
1852 3033 1908 3107 aut
1929 3042 2106 3104 munerata
2129 3053 2202 3104 ema

790 3153 915 3248 aliquot
937 3153 1102 3229 suburere
1124 3153 1205 3226 bant
1235 3152 1375 3227 atienare
1407 3175 1465 3248 per
1494 3153 1612 3249 qucbis
1644 3155 1778 3228 modum
1800 3181 1821 3226 a
1843 3159 1998 3250 poustate
2019 3165 2198 3228 memorata

793 3277 951 3372 imaginis·
970 3287 1004 3350 et
1025 3286 1203 3350 memorata
1226 3283 1332 3352 vesus
1355 3277 1733 3372 campedonensi
1756 3301 1797 3351 oc
1813 3301 1912 3375 agera
1925 3278 2160 3375 prasmmeritis
2174 3287 2208 3350 et

792 3405 983 3481 imbertum
996 3407 1094 3480 inerit
1104 3429 1253 3482 uacuam
1276 3415 1309 3478 ct
1331 3407 1427 3480 inane
1450 3407 1612 3502 pemittat.
1641 3415 1675 3486 et
1696 3427 1824 3504 semper
1847 3430 1899 3482 res
1914 3409 1983 3503 ipsa
1999 3409 2033 3490 in
2048 3415 2207 3502 potestate

792 3545 824 3606 at
847 3519 1075 3630 proprietatem
1099 3535 1207 3630 ipsius
1222 3535 1373 3632 imaginis
1395 3543 1429 3607 et
1452 3545 1629 3608 memorate
1644 3545 1747 3610 sesua
1760 3535 2016 3629 congregationis
2029 3552 2200 3602 cananeae

790 3657 923 3728 debeat.
945 3667 977 3727 at
999 3679 1128 3749 semper
1151 3643 1313 3731 ibendutn
1333 3667 1368 3728 et
1393 3659 1629 3753 posidsndan.
1653 3667 1686 3731 et
1708 3657 1798 3730 omui
1813 3653 1967 3751 [iempore
1992 3677 2054 3738 um
2068 3665 2115 3726 et
2134 3661 2204 3748 po-

788 3781 882 3854 steris
905 3772 1019 3855 veen
1043 3791 1284 3882 memoratique
1306 3795 1413 3860 vestra
1434 3786 1643 3882 congregatio
1673 3785 1793 3860 cotidie
1817 3785 1858 3858 ad
1881 3784 2114 3879 ipsasimsgina
2137 3783 2198 3856 lu-

788 3911 924 3984 minaria
947 3913 1054 3986 iacere
1077 3914 1217 3986 debeatis
1241 3923 1275 3986 ct
1297 3917 1458 3990 canticum
1482 3917 1523 3987 ad
1546 3918 1633 4009 ipsos
1648 3923 1775 3988 sandes
1792 3913 2043 4000 dare-debeatis.
2063 3913 2208 4005 Insuper-

785 4045 817 4108 et
840 4038 931 4110 nobis
955 4045 988 4109 et
1012 4049 1044 4110 at
1066 4041 1269 4136 genitoribus
1291 4065 1350 4116 sen
1372 4041 1447 4114 filiis
1463 4035 1679 4134 et'nepotibr‘ts
1693 4043 1810 4112 nocuis
1825 4039 2201 4126 midiepommemora-

785 4167 874 4239 tiens
900 4167 1171 4242 taceredebsrtis
1194 4169 1229 4240 in
1252 4173 1367 4244 vestris
1391 4169 1490 4240 sacris
1514 4169 1732 4242 orationibus:
1756 4179 1788 4242 et
1802 4189 1860 4262 per
1873 4164 2199 4260 omnesdimqurn·

784 4287 907 4380 rosas·
925 4289 1038 4362 mese
1057 4273 1241 4370 reneri
1271 4295 1409 4387 apres
1426 4285 1557 4365 'venos
1583 4289 2096 4367 maerensmaerens
2124 4288 2204 4360 aas

784 4413 923 4488 debeatis
946 4423 1010 4492 tres
1039 4409 1223 4494 iterationes
1246 4424 1377 4520 absque
1392 4421 1484 4494 omni
1503 4421 1635 4516 'pigritia
1659 4445 1762 4516 nque
1785 4422 1820 4493 in
1842 4415 2198 4516 sempiternum-'quia

781 4539 824 4610 ita
847 4543 893 4613 sic
916 4535 1009 4616 uobis
1039 4546 1227 4617 voluntatis
1262 4546 1474 4640 complacuit.
1506 4557 1539 4617 ct
1561 4545 1590 4616 si
1612 4545 1686 4640 quis
1708 4555 1823 4638 potens
1847 4547 1899 4618 vel
1921 4547 2079 4639 imputans
2102 4541 2203 4614 hmo

781 4669 848 4740 sibe
870 4672 1030 4748 masculus
1054 4683 1110 4744 aut
1133 4675 1269 4746 semina.
1301 4673 1373 4747 sibe
1396 4675 1533 4748 clericus
1557 4672 1800 4745 autsacerdcs.
1824 4677 1891 4752 sibe
1913 4675 2025 4770 la'ycus
2049 4683 2113 4745 aut
2127 4693 2203 4742 mo·-

778 4793 921 4880 nacbns.¹
944 4797 1059 4869 boida
1082 4797 1317 4893 qudecumuc
1340 4801 1455 4872 ordine
1477 4795 1589 4872 tuerit.
1614 4805 1680 4868 tam
1694 4819 1738 4870 ex
1753 4797 1822 4890 ipsa
1838 4798 2086 4894 congregatione
2101 4813 2200 4888 quam
