4882 6534
899 615 1043 707 (aar)

879 906 1067 983 OEGLXVI.

763 1179 766 1186 “
848 1167 980 1246 uidae
1004 1172 1085 1244 tave.

355 1421 387 1520 †
411 1425 451 1494 do
471 1425 598 1496 uetm'ue
618 1423 740 1496 douai
763 1423 814 1495 dai
836 1425 1001 1497 saluatoris
1025 1425 1126 1498 nostri
1150 1421 1246 1498 {besu
1268 1421 1388 1498 Gbristi
1412 1423 1590 1520 inperante
1614 1427 1682 1500 dos
1779 1425 1840 1495 An

257 1553 350 1624 mino
373 1562 485 1626 nostro
507 1551 665 1626 michaele
680 1573 800 1648 magno
816 1551 1011 1649 imperatore
1023 1575 1110 1625 anno
1122 1565 1236 1648 quarto
1247 1553 1302 1625 die
1311 1543 1551 1627 rioesimanona
1563 1559 1682 1630 maneb
1748 1558 1854 1624 1036·

255 1677 369 1750 martii
392 1679 568 1754 indutam
587 1687 704 1775 qaum
728 1674 882 1774 neapoli:
915 1681 1050 1754 &nnn
1078 1689 1127 1751 est
1148 1699 1209 1751 nos
1230 1687 1361 1774 patrum
1383 1669 1489 1752 fidum
1513 1681 1680 1775 qnonbm

258 1807 387 1902 augusti
409 1816 443 1880 et
466 1808 632 1906 quondm
653 1815 726 1881 rata
749 1807 906 1904 iugalium
930 1824 1140 1904 pesonarum
1164 1825 1230 1880 nna
1244 1827 1321 1880 oum
1335 1809 1501 1881 votantata
1516 1815 1679 1904 presente.

258 1928 425 2006 eubtnmie
447 1937 587 2031 coniugi·
604 1953 676 2008 mee
706 1932 921 2008 abitatoribus'
943 1951 1025 2007 reru
1056 1933 1091 2004 in
1123 1933 1196 2006 loeo
1218 1931 1276 2028 qui
1299 1925 1436 2005 tueatur
1465 1925 1680 2028 pumilionum

257 2052 314 2147 qui
339 2065 385 2126 est
400 2057 484 2129 sores
502 2082 613 2131 arcora
630 2060 753 2132 dudum
768 2061 986 2154 aqueductus:
1011 2059 1037 2128 A
1055 2057 1194 2152 presenti
1209 2059 1261 2132 dia
1274 2057 1491 2154 mumma
1513 2057 1679 2132 rotmaro

256 2181 438 2254 venundent
450 2191 487 2252 et
497 2181 619 2255 neunt
634 2181 727 2256 vobis
741 2195 836 2279 petro
848 2184 952 2258 titium
975 2187 1143 2282 quondum
1168 2185 1313 2282 stephani
1329 2183 1617 2280 oognominubatur
1632 2185 1680 2256 la-

255 2327 360 2398 gnese.
386 2314 419 2379 et
434 2307 581 2380 iohannis
597 2309 702 2381 filium
717 2313 881 2404 quondam
897 2313 967 2382 ursi
991 2313 1054 2389 boe
1070 2319 1118 2386 ea
1130 2293 1203 2386 'ento
1221 2321 1255 2386 et
1270 2319 1387 2408 nepote
1401 2312 1615 2386 abitatoriboe
1639 2313 1680 2384 de

253 2441 435 2500 memorato
461 2431 536 2501 ioco
549 2431 783 2524 pumitiunuma
813 2435 898 2506 tuest
922 2433 1046 2526 integra
1069 2436 1154 2527 petia
1177 2441 1220 2546 de
1247 2449 1333 2511 terra
1358 2463 1435 2512 meo
1454 2461 1519 2535 qne
1545 2447 1680 2512 vocatur

257 2566 290 2624 at
314 2555 543 2630 muscareilnm
565 2558 669 2651 posita
692 2580 772 2630 vero
796 2557 831 2630 in
855 2565 1035 2631 memorato
1069 2557 1143 2630 loeo
1175 2559 1391 2654 pumilionum
1399 2587 1413 2650 a
1434 2585 1503 2634 una
1524 2586 1605 2638 orem
1629 2587 1680 2635 ar

254 2678 392 2750 boribus
415 2687 448 2751 et
471 2697 549 2752 eum
570 2679 741 2754 introitum
773 2703 871 2758 snum
899 2683 1116 2784 omnibusque
1145 2681 1196 2755 eis
1224 2681 1479 2780 pertinentibus:
1503 2684 1680 2758 coherente

257 2803 320 2876 sibi
344 2806 384 2877 de
407 2825 474 2876 nno
497 2805 595 2879 latere
618 2813 704 2879 terra
727 2809 850 2884 domini
873 2813 1016 2908 gregorii
1040 2823 1297 2908 serg....nate
1321 2810 1363 2884 de
1386 2811 1452 2883 alio
1476 2812 1574 2884 batem
1590 2819 1678 2887 terra

258 2933 415 3006 heredum
439 2935 603 3030 quondam
629 2937 713 3032 petri
736 2935 889 3013 beterone
913 2941 955 3014 de
977 2952 1157 3014 memorato
1184 2941 1259 3016 loro
1285 2939 1519 3036 pumilionum:
1548 2940 1588 3012 de
1611 2960 1679 3012 uno

258 3063 361 3154 eapite
384 3073 470 3134 terra
494 3063 642 3136 iohannis
672 3066 712 3137 de
737 3079 868 3141 seranta
894 3069 1060 3143 territorio
1093 3093 1190 3166 supra
1217 3069 1292 3144 iano
1316 3069 1357 3144 de
1380 3045 1680 3162 attemptatam

257 3187 343 3278 petri
362 3206 456 3257 muca
481 3195 513 3256 et
537 3195 623 3259 terra
646 3189 803 3262 heredum
826 3194 991 3288 quondam
1011 3195 1139 3288 sparani
1154 3193 1299 3288 germani
1315 3193 1367 3265 sui
1383 3215 1425 3266 ex
1439 3192 1512 3285 ipso
1528 3189 1601 3263 looo
1617 3211 1679 3284 pu·

259 3309 416 3383 mibanu:
451 3311 492 3381 de
524 3333 590 3407 qua
613 3312 695 3385 nibil
718 3315 799 3388 mibi
823 3316 940 3390 exinde
962 3315 1095 3413 aliquod
1119 3317 1272 3390 remansit
1295 3321 1352 3388 aut
1374 3313 1537 3386 reeerbavi
1559 3335 1620 3387 neo
1642 3313 1678 3383 in

259 3433 362 3506 aliena
386 3457 539 3528 personas
563 3437 713 3510 commisi
735 3448 901 3534 potestate.
937 3449 970 3512 et
993 3467 1012 3512 a
1036 3463 1121 3514 nuno
1145 3450 1178 3514 et
1201 3439 1349 3534 deinceps
1372 3463 1391 3508 a
1420 3460 1474 3510 me
1498 3435 1592 3509 vobis
1615 3435 1678 3508 sint

258 3559 489 3632 venumdatum
513 3571 546 3633 et
569 3563 724 3635 nautum
750 3566 784 3636 in
799 3576 904 3640 vestra
920 3569 1121 3663 vestrisque:
1149 3568 1322 3641 heredibus
1346 3569 1410 3639 sint
1424 3575 1580 3660 potestate
1595 3587 1679 3659 que·

259 3709 324 3781 que
348 3687 465 3758 exinde
489 3685 594 3760 iacere
617 3687 786 3763 volueritis
817 3714 945 3786 semper
968 3693 1102 3766 liberam
1126 3693 1272 3765 habeatis
1296 3700 1495 3786 potestatem.
1519 3700 1551 3761 et
1575 3713 1680 3784 neque

260 3837 280 3881 a
303 3829 357 3880 me
380 3817 559 3882 memorato
580 3822 673 3905 petro
697 3834 762 3884 una
776 3835 851 3884 cum
874 3814 1040 3887 volumtate
1070 3821 1218 3908 presente
1242 3811 1386 3908 predicte
1404 3813 1568 3886 eufimmie
1591 3833 1678 3883 oon·

261 3935 330 4028 iugi
354 3955 446 4006 meae
468 3955 574 4030 neque
598 3957 617 4004 a
640 3934 757 4007 nostris
779 3935 952 4010 heredibus
975 3935 1068 4008 nullo
1092 3946 1238 4031 temporo
1262 3939 1440 4030 numquam
1463 3955 1522 4006 vos
1546 3953 1677 4004 memo-

261 4071 332 4133 rato
363 4061 450 4133 idem
481 4071 574 4153 petro
607 4073 640 4132 et
670 4061 814 4134 iamdicti
845 4061 994 4132 iohannis
1031 4059 1095 4130 boc
1119 4069 1167 4130 est
1204 4059 1273 4129 thio
1297 4063 1331 4130 et
1362 4067 1477 4152 nepote
1509 4058 1678 4152 nepotibus

261 4191 343 4261 meis
366 4199 422 4260 aut
444 4189 578 4263 heredes
600 4189 714 4260 vestris
738 4189 827 4284 quod
850 4187 933 4257 absit
957 4186 1099 4258 babeatis
1122 4185 1241 4260 exinde
1273 4183 1445 4286 aliquando
1471 4209 1679 4284 quacumque

262 4319 480 4416 requeaitione
511 4325 567 4387 aut
594 4315 740 4388 molestia
763 4337 822 4411 per
844 4313 971 4387 nubum
994 4315 1128 4388 modum
1150 4338 1211 4388 neo
1234 4337 1293 4410 per
1316 4315 1500 4389 summissas
1523 4336 1676 4410 personas

265 4471 284 4516 a
307 4469 393 4517 nuno
417 4452 450 4515 et
472 4443 507 4514 in
531 4441 694 4537 perpetuis
724 4437 933 4535 temporibus.
962 4441 1097 4534 Insuper
1119 4439 1208 4512 omni
1232 4447 1377 4536 tempore
1400 4463 1463 4534 ego
1486 4447 1518 4512 et
1540 4437 1676 4510 heredes

265 4573 346 4646 meis
368 4572 494 4645 exindo,
509 4571 549 4647 ab
571 4571 677 4643 omnis
698 4569 847 4641 homines
870 4567 1026 4664 omnique
1049 4569 1199 4664 personis
1209 4565 1244 4640 in
1261 4569 1411 4642 omnibus
1427 4565 1520 4640 vobis
1536 4565 1675 4638 vestris·

264 4717 330 4790 que
361 4691 535 4768 heredibus
566 4699 723 4763 antestare
755 4697 788 4762 et
819 4689 982 4763 defensare
1016 4689 1190 4764 debeamus
1213 4713 1275 4787 pro
1299 4713 1339 4762 eo
1363 4689 1452 4788 quod
1475 4689 1676 4784 impresentis

264 4825 372 4915 accepi
396 4847 415 4891 a
437 4821 532 4894 vobis
560 4820 697 4892 exinde:
724 4819 806 4891 idest
829 4820 908 4891 auri·
924 4818 991 4890 tari
1009 4839 1066 4891 sar
1090 4829 1123 4890 et
1141 4817 1292 4892 'medinm
1315 4817 1349 4890 in
1365 4839 1495 4889 onmem
1511 4816 1676 4890 decisione
