4888 6528
1392 573 1536 670 (eos)

757 751 813 821 aa
836 721 1153 837 mannassen
1184 761 1243 833 pe
1270 735 1388 832 pose
1409 734 1554 810 nuum.
1586 731 1669 806 aur
1693 734 1830 812 somno
1853 737 2018 820 nomena
2041 771 2100 822 a„
2123 775 2179 826 m,

755 869 878 944 ibidem
902 867 1079 942 custodem.
1103 861 1322 938 bordinastitis
1344 883 1364 929 a
1387 877 1473 932 uuue
1496 869 1529 931 et
1552 855 1726 932 homnibus
1749 859 1865 936 diebus
1880 865 2037 946 rite-mea
2051 881 2172 971 etpost

754 1017 864 1067 meum
890 990 1058 1062 transitum
1082 1010 1144 1082 age
1166 987 1289 1060 ibidem
1310 983 1485 1060 hordiuare
1508 983 1624 1059 oeten
1646 1005 1714 1060 una
1729 1007 1867 1080 pereum
1887 991 1981 1086 quale
1996 995 2078 1070 mihi
2092 1003 2169 1094 ph..

754 1114 868 1186 oneris.
901 1111 937 1182 in
960 1129 1001 1181 eo
1024 1110 1112 1182 enim
1135 1117 1246 1184 tenore
1269 1115 1307 1178 ut
1330 1105 1552 1200 prenominata
1577 1106 1704 1200 integra
1731 1111 1881 1202 portione
1906 1123 1939 1190 et
1968 1119 2171 1209 pertinentias

737 1248 859 1324 'restra
883 1241 924 1310 ds
947 1243 1124 1314 memorata
1148 1236 1274 1328 integra
1298 1232 1432 1338 ecelesia
1455 1239 1488 1304 et
1511 1232 1551 1304 de
1573 1233 1727 1306 omnibus
1751 1241 1937 1314 memoratis
1953 1243 2070 1322 exinde
2093 1269 2174 1338 per.

754 1365 891 1438 tinentes
916 1371 973 1440 aut
994 1363 1190 1458 pertinentes
1212 1359 1312 1434 fueris
1344 1379 1402 1452 per
1425 1342 1543 1452 qaobis
1566 1357 1701 1436 modum
1722 1359 1963 1460 homnibuspue
1995 1367 2042 1438 eis
2065 1370 2172 1462 perti.-

753 1486 904 1562 neutibus
926 1493 964 1568 ut
987 1507 1085 1579 super
1108 1482 1227 1576 iegitur
1249 1489 1284 1552 et
1304 1499 1380 1556 eum
1403 1477 1514 1550 omnia
1536 1501 1602 1574 que
1618 1505 1638 1554 a
1652 1479 1776 1556 biribus
1791 1485 1843 1559 vel
1861 1509 1878 1557 a
1895 1487 2086 1565 mulieribus
2101 1490 2170 1570 ibi-

755 1610 829 1681 dem
854 1610 1028 1686 hebertum
1051 1607 1151 1680 fueris
1173 1607 1209 1678 in
1231 1627 1302 1678 mea
1326 1612 1359 1679 et
1382 1601 1431 1680 de
1445 1615 1622 1677 memorata
1645 1629 1782 1706 perenm
1805 1631 1870 1707 que
1891 1635 1954 1707 ego
1970 1623 2043 1708 post
2057 1639 2169 1692 mem

756 1737 927 1816 uentura
949 1737 1071 1810 ibidem
1094 1733 1311 1812 bordiuobero
1333 1735 1385 1804 sin
1408 1741 1595 1828 potestatem
1619 1736 1750 1810 tenendi
1772 1747 1804 1808 et
1823 1738 2008 1816 dominandi
2023 1765 2081 1819 seu
2096 1747 2172 1818 irn-

759 1861 869 1953 giendi
892 1869 925 1940 et
940 1861 980 1938 de
995 1860 1078 1957 ipsas
1093 1857 1215 1956 tregias
1239 1855 1375 1934 beisndi
1389 1855 1521 1932 homnia
1539 1879 1604 1952 que
1623 1855 1842 1932 voluerimuss
1868 1861 1962 1935 itaet
1978 1885 2041 1960 ego
2060 1876 2170 1940 autem

760 1969 796 2060 i'n
819 1987 930 2063 eadem
953 1985 1086 2066 ecclesio
1110 1983 1163 2062 dis
1193 1992 1356 2080 noctuque
1379 1981 1534 2062 homnem
1556 1983 1722 2066 huhicinm
1747 1985 1975 2060 sacerdotalem
2000 1989 2104 2060 iacere
2133 2002 2167 2060 et

753 2114 886 2196 exibere
917 2113 1089 2190 debeamus
1121 2121 1177 2186 aut
1207 2116 1312 2190 iacere
1343 2113 1499 2195 iaciamus
1522 2111 1587 2187 hoe
1610 2119 1659 2186 est
1681 2111 1828 2211 besperos
1852 2123 1887 2187 ct
1900 2118 2085 2190 matutinos
2109 2139 2169 2190 seu

753 2243 926 2313 missarum
949 2241 1133 2318 sollemnias
1156 2253 1189 2312 et
1211 2242 1301 2314 horis
1323 2241 1427 2318 laudis
1450 2239 1698 2318 luminariorum
1719 2242 2028 2320 conoinationesine
2043 2245 2159 2318 mhora

756 2363 919 2444 celebrare
943 2373 976 2436 et
998 2363 1128 2440 exibere
1152 2363 1324 2436 debeamus
1346 2370 1384 2438 nt
1406 2373 1484 2456 aput
1508 2363 1604 2436 deum
1628 2363 1720 2436 nobis
1734 2364 1849 2442 exinde
1863 2365 1979 2438 mercia
2003 2368 2166 2444 amrmcad

753 2504 787 2565 et
811 2517 920 2570 eoram
944 2495 1130 2568 hominibus
1153 2493 1223 2566 laus
1246 2503 1280 2563 et
1302 2492 1343 2566 de
1365 2493 1443 2588 ipsis
1467 2492 1563 2568 rebus
1586 2501 1619 2565 et
1641 2492 1824 2566 substmtiis
1840 2494 1957 2566 exinde
1972 2494 2164 2589 pertinentes

753 2623 906 2702 homnem
929 2641 1041 2694 curam
1065 2629 1098 2694 et
1120 2620 1335 2702 sollicitudine
1357 2619 1475 2698 exinde
1498 2619 1594 2696 ebera
1611 2619 1783 2696 debeauus
1797 2629 1833 2694 nt
1852 2622 1974 2696 iustum
1989 2622 2109 2696 fueris:
2135 2633 2168 2696 et

753 2750 781 2828 ai
806 2747 940 2845 aliquod
957 2748 993 2820 in
1009 2757 1188 2823 memorata
1211 2748 1344 2820 ecelesia
1359 2747 1412 2821 vel
1427 2747 1461 2820 in
1477 2747 1547 2820 eius
1563 2746 1735 2821 abitatione
1751 2749 1792 2820 ad
1805 2748 2017 2828 concianthum
2039 2749 2167 2822 obueris

749 2897 809 2952 uos
831 2875 906 2952 illut
929 2875 1076 2954 couciara
1100 2873 1273 2950 debeamus
1293 2875 1333 2948 ad
1348 2875 1438 2947 omni
1453 2883 1565 2946 nostro
1580 2875 1762 2970 expendis:
1781 2877 1911 2972 insuper
1925 2871 2161 2948 bomui'auuuo

752 3027 815 3098 ego
839 3010 871 3074 et
895 3003 963 3098 ipsa
985 3023 1209 3098 personaque
1233 3026 1295 3098 ego
1318 3001 1438 3079 ibidem
1469 3001 1684 3074 hordinabero
1708 3003 1806 3074 totius
1828 3002 1895 3074 site
1925 2975 2033 3084 nostis
2070 3001 2164 3074 vobis

750 3132 929 3226 vestrisque
952 3130 1122 3205 heredibus
1145 3132 1222 3206 darc
1245 3139 1278 3202 et
1301 3130 1440 3226 dirigere
1463 3131 1634 3208 debeamus
1656 3129 1800 3206 boblatas
1823 3131 1927 3226 parias
1957 3141 2023 3204 tres
2047 3129 2082 3210 in
2105 3153 2164 3207 ua·

749 3257 905 3336 tibitatem
928 3259 1051 3334 domini
1076 3260 1176 3332 noshi
1200 3259 1292 3333 ihesu
1319 3258 1431 3332 christi
1455 3258 1560 3354 parias
1582 3259 1663 3332 duas
1684 3265 1717 3336 et
1734 3259 1770 3342 in
1788 3266 1934 3332 sanctum
1957 3280 2051 3354 pasce
2075 3257 2166 3356 quod

747 3391 794 3456 est
816 3383 857 3456 de
881 3385 1115 3460 resurreetione
1146 3383 1269 3462 domini
1292 3385 1419 3478 parium
1442 3405 1545 3462 unum
1568 3383 1692 3480 hasque
1719 3383 1808 3456 omni
1838 3383 2090 3458 amaricatione:
2133 3389 2167 3466 et

745 3506 938 3598 quaudoque
962 3528 1020 3599 per
1044 3505 1248 3578 iestibitatem
1272 3505 1373 3586 saneti
1395 3504 1564 3586 sebastiani
1590 3506 1763 3602 prandium
1787 3506 2055 3576 fecerimustune
2097 3525 2159 3584 vos

744 3635 801 3698 aut
823 3629 994 3698 heredibus
1018 3629 1132 3700 vestris
1155 3631 1276 3712 ibidem
1298 3633 1339 3708 ad
1363 3632 1470 3728 ipsum
1492 3633 1662 3728 prandium
1687 3632 1780 3705 abere
1796 3630 1966 3708 debeamus
1982 3638 2160 3702 atrocum..

743 3749 884 3828 bendum
908 3759 940 3824 et
963 3753 1004 3832 od
1028 3753 1140 3832 domui
1163 3765 1270 3830 vestre
1302 3755 1442 3852 dirigere
1473 3757 1646 3838 debeamus
1677 3758 1793 3830 exinde
1816 3779 1919 3829 unum
1941 3756 2079 3829 missum
2117 3757 2158 3828 de

743 3879 1094 3975 earneveldepisei
1122 3885 1208 3964 etsi
1247 3885 1382 3960 minime
1413 3885 1519 3984 ipsum
1551 3887 1722 3982 prandium
1756 3887 1927 3960 fecerimus
1960 3893 2037 3958 tune
2069 3883 2161 3958 robis

747 4003 887 4099 dirigere
920 4006 1090 4098 debeamus
1124 4010 1164 4085 ad
1195 3979 1313 4085 dimus
1335 4019 1440 4084 restra
1474 4009 1591 4106 gallina
1621 4035 1685 4084 uua
1715 4011 1784 4084 sine
1816 4009 1905 4083 omni
1941 4010 2014 4092 dcta
2040 4033 2162 4082 occan-

745 4129 860 4210 ti0net
886 4137 919 4210 ot
942 4139 974 4214 ot
995 4156 1053 4228 per
1076 4132 1189 4210 homni
1212 4158 1320 4218 annuo
1342 4136 1379 4208 in
1401 4135 1511 4208 sabato
1536 4143 1681 4214 sonetum
1705 4134 1798 4210 uobis
1826 4133 2007 4229 vestrisque
2022 4133 2162 4240 heredi-

742 4255 805 4334 bus
838 4258 978 4356 dirigere
1010 4261 1181 4338 debeamus
1204 4263 1327 4338 bobum
1351 4263 1557 4338 benedictum
1581 4271 1615 4338 et
1638 4287 1702 4338 unu
1725 4261 1843 4356 petioia
1866 4263 1906 4334 de
1930 4285 2038 4334 cesum
2070 4269 2102 4330 et
2124 4263 2159 4346 iu

744 4388 890 4466 sanetum
922 4383 1036 4483 pasche
1069 4397 1221 4484 quattuor
1252 4389 1345 4472 uncie
1380 4389 1420 4468 de
1452 4387 1596 4464 lucanica
1628 4389 1698 4464 sine
1730 4387 1819 4458 omni
1850 4385 2073 4460 amaricatione
2088 4367 2159 4454 :et

742 4508 925 4582 nullatenus
947 4515 1138 4606 presumetis
1161 4537 1221 4587 ros
1245 4527 1300 4588 aut
1324 4515 1495 4590 heredibus
1525 4516 1639 4587 vestris
1663 4537 1722 4585 uec
1746 4514 1866 4586 abeatis
1889 4513 2052 4588 licentiata
2083 4535 2159 4583 me*

746 4643 870 4706 morata
903 4637 1029 4734 integra
1059 4618 1209 4738 portione
1240 4653 1272 4713 et
1306 4643 1511 4738 pertinentias
1544 4650 1649 4715 vestra
1684 4643 1722 4716 de
1746 4651 1921 4714 memorata
1952 4643 2078 4734 integra
2104 4662 2158 4710 ece

742 4759 838 4828 etesia
862 4785 937 4834 cum
961 4763 1134 4840 homnibus
1166 4769 1351 4862 memoratis
1383 4768 1499 4840 exinde
1522 4767 1715 4862 pertinentes
1741 4767 1978 4864 homnibusque
2006 4767 2051 4838 eis
2075 4787 2155 4874 per·-

740 4881 916 4960 tinentibus
942 4895 978 4954 ut
1000 4909 1099 4982 super
1122 4891 1242 4988 legitur
1265 4873 1346 4961 mihi
1370 4901 1402 4962 et
1426 4891 1465 4964 ad
1497 4891 1565 4986 ipsa
1596 4913 1749 4989 personas
1780 4916 1844 4996 que
1868 4915 1930 4990 ego
1953 4901 2027 4988 post
2049 4913 2158 4972 meum
