4882 6534
1276 577 1280 582 '
1403 583 1542 681 (sss)

775 761 979 843 numdatum,
992 765 1024 828 et
1039 753 1193 828 traditum
1207 751 1242 821 in
1257 754 1364 820 restra
1380 739 1559 834 venisque
1569 735 1707 830 posteris
1720 743 1754 807 et
1769 745 1953 812 memorato
1966 753 2077 818 sancto
2091 758 2201 823 vestro

776 881 971 955 monasterio
993 878 1058 948 sint
1080 878 1235 968 potestate
1258 887 1388 960 queque
1411 861 1527 934 exindo
1550 859 1657 929 iacere
1680 859 1876 931 volueritis:
1905 863 2042 939 livorum
2065 891 2194 967 semper
2260 861 2263 868 ’

777 1009 896 1080 abeatis
920 1011 1097 1096 potestate:
1123 1009 1156 1070 et
1179 1015 1285 1091 neque
1308 1017 1329 1060 a
1353 1011 1406 1061 me
1429 965 1609 1062 memorata
1632 987 1789 1080 eupraxia
1813 988 1947 1062 honesta
1969 995 2075 1086 puella
2089 1021 2195 1095 usqam

776 1155 796 1200 a
819 1128 899 1198 meis
922 1123 1095 1206 heredibus
1118 1144 1179 1192 nec
1202 1145 1221 1189 a
1244 1117 1338 1188 nobis
1363 1135 1516 1210 personas
1538 1111 1725 1182 summissas
1749 1111 1840 1184 nullo
1855 1124 2002 1211 tempore
2018 1141 2193 1216 numquam

775 1275 835 1326 ros
858 1261 914 1324 aut
936 1250 1073 1344 posteris
1095 1247 1211 1322 vestris
1235 1268 1295 1316 nec
1318 1251 1499 1316 memorato
1522 1248 1633 1310 sancto
1655 1247 1767 1312 vestro
1786 1244 1985 1315 monasterio
2011 1245 2101 1340 quod
2118 1247 2196 1320 absit

776 1377 895 1448 abeatis
919 1375 1036 1448 exinde
1061 1373 1235 1469 aliquando
1259 1391 1466 1464 quacumque
1489 1363 1815 1464 requesitionem'aut
1831 1369 1979 1442 molestia
1993 1394 2053 1465 per
2071 1374 2197 1446 nullum

775 1503 910 1573 modum
934 1523 995 1572 nec
1018 1523 1077 1594 per
1109 1497 1294 1569 summissas
1327 1515 1479 1589 personas
1512 1519 1531 1564 a
1554 1514 1642 1564 nunc
1665 1502 1699 1562 et
1721 1494 1757 1564 in
1779 1495 1944 1590 perpetuis
1966 1499 2194 1591 temporibus:

775 1633 911 1724 Insuper
934 1628 1091 1722 promitto
1113 1625 1208 1698 uobis
1241 1633 1278 1694 ut
1299 1623 1328 1696 si
1351 1622 1468 1718 quobis
1496 1631 1645 1716 tempore
1677 1621 1795 1694 exieris
1822 1625 1938 1718 quavis
1962 1649 2116 1718 personas
2140 1629 2194 1723 qui

776 1780 836 1828 vos
861 1765 917 1827 aut
940 1755 1077 1852 posteris
1100 1753 1215 1824 vestris
1249 1759 1305 1822 aut
1327 1758 1509 1820 memorem
1539 1757 1649 1821 vestro
1679 1751 1876 1822 monasterio
1909 1751 2028 1823 exinde
2052 1763 2087 1823 at
2109 1776 2196 1848 que·

775 1886 913 1957 rendum
936 1883 1063 1954 beneris
1094 1905 1152 1976 per
1182 1879 1300 1976 quobis
1330 1879 1465 1952 modum
1495 1901 1555 1972 per
1577 1901 1632 1950 me
1655 1889 1711 1952 aut
1733 1901 1791 1972 per
1815 1881 1896 1952 meis
1923 1879 2094 1953 heredibus
2119 1893 2196 1954 tunc

777 2035 839 2105 ego
863 2021 896 2080 et
919 2008 1092 2082 heredibus
1115 2009 1197 2080 meis
1221 2009 1314 2080 vobis
1336 2007 1518 2102 uestrisque
1540 2005 1679 2102 posteris
1706 2005 1778 2080 illos
1793 2005 1911 2078 exinde
1929 2007 2065 2101 desuper
2081 2007 2194 2080 tollore

776 2136 948 2210 debeamus
972 2136 1094 2230 absque
1119 2134 1209 2205 omui
1232 2141 1339 2206 vestra
1371 2133 1625 2204 damnietatem:
1663 2139 1794 2226 propter
1827 2132 1916 2226 quod
1939 2131 2060 2204 exinde
2085 2136 2194 2227 accepi

775 2290 795 2334 a
818 2266 910 2336 vobis
935 2265 969 2335 in
992 2263 1149 2356 presentis
1171 2261 1252 2333 idest
1275 2261 1347 2332 auri
1369 2263 1432 2334 tari
1449 2283 1513 2364 pex
1536 2260 1620 2332 sicut
1642 2261 1725 2333 inter
1747 2281 1805 2331 nos
1822 2259 2002 2330 combeuit:
2032 2260 2131 2331 etiam
2160 2269 2194 2330 et

775 2399 953 2462 memorata
977 2389 1131 2482 genitrice
1154 2409 1226 2458 mea
1249 2385 1419 2478 scripsistis
1442 2387 1477 2456 iu
1500 2406 1592 2458 sacro
1616 2395 1727 2458 sancto
1751 2383 1887 2478 dipticos
1912 2394 2057 2456 uestros:
2081 2385 2118 2454 Si
2135 2409 2194 2458 au-

776 2525 842 2586 tem
878 2513 972 2586 diter
1003 2511 1175 2582 fecerimus
1207 2509 1248 2582 de
1280 2509 1331 2580 bis
1355 2509 1507 2580 omuibus
1536 2511 1723 2584 memoratis
1757 2531 1817 2602 per
1839 2508 1957 2606 quobis
1980 2511 2116 2582 modum
2140 2521 2194 2584 aut

775 2636 959 2710 summissas
982 2655 1135 2730 personas
1158 2643 1236 2708 tuuc
1260 2655 1423 2727 compono
1439 2653 1442 2660 ·
1457 2658 1520 2730 ego
1545 2645 1577 2708 et
1598 2634 1770 2708 heredibus
1793 2632 1875 2706 meis
1899 2633 1993 2706 vobis
2016 2637 2193 2731 vestrisque

773 2763 909 2858 posteris
933 2773 966 2834 et
988 2763 1024 2834 iu
1047 2773 1228 2834 memorato
1251 2771 1360 2835 vestro
1383 2763 1580 2836 monasterio
1603 2761 1675 2834 auri
1698 2763 1818 2836 solidos
1847 2763 2017 2836 duodecim
2039 2764 2192 2857 bythian·
2319 2826 2321 2829 .

774 2903 843 2962 teos
866 2899 900 2962 et
923 2892 984 2964 bec
1007 2889 1152 2964 chartula
1173 2890 1368 2962 venditionis
1390 2900 1547 2985 utsuper
1573 2891 1692 2986 legitur
1705 2889 1748 2962 sit
1763 2889 1855 2964 firma
1870 2892 1984 2984 scripta
2000 2911 2190 2984 permanus

774 3017 873 3112 sergii
887 3017 1031 3110 primarii
1048 3041 1107 3114 per
1119 3026 1296 3092 memorata
1311 3019 1563 3113 quartadecima
1579 3017 1794 3114 indictione†
1808 3017 1871 3090 hoc
1886 3017 2014 3113 siguum
2029 3017 2060 3110 †
2075 3035 2192 3090 manus

774 3151 951 3219 memorata
974 3143 1129 3239 eupraxia
1161 3142 1297 3217 honesta
1321 3141 1429 3238 pucila
1451 3141 1541 3240 quod
1563 3163 1626 3238 ego
1649 3155 1710 3237 pro
1733 3165 1787 3215 eas
1808 3142 1982 3238 subscripsi
2005 3152 2038 3216 et
2058 3159 2191 3216 memo-

774 3268 835 3340 rati
860 3268 922 3340 tari
945 3270 1077 3346 traditos
1101 3268 1224 3364 bidi†

867 3393 986 3492 †ego
1017 3402 1157 3472 stefanus
1189 3397 1276 3472 filius
1308 3397 1430 3472 domini
1463 3401 1665 3478 assumti
1696 3401 1868 3498 subscripsi
1897 3410 1929 3472 et
1958 3399 2197 3495 suprascriptos

778 3519 899 3596 solidos
921 3524 1056 3596 traditos
1078 3524 1147 3598 bidi
1170 3525 1202 3620 †
1369 3531 1378 3536 “

868 3648 902 3744 †
926 3667 989 3742 ego
1012 3649 1166 3723 iohannes
1189 3651 1273 3726 filius
1296 3653 1420 3727 domini
1436 3655 1535 3752 sergii
1552 3656 1625 3730 testi
1641 3654 1811 3751 subscripsi
1827 3663 1861 3728 et
1875 3653 2105 3749 suprascriptus
2126 3673 2195 3724 so-

777 3771 861 3846 lidos
884 3773 1017 3846 traditos
1039 3775 1107 3850 bidi
1130 3775 1162 3872 †
1783 3766 1788 3779 ’

753 3909 759 3918 ’
865 3899 984 3998 †ego
1005 3903 1059 3976 teo
1082 3905 1167 3980 iilius
1190 3909 1314 3984 domini
1347 3913 1495 3986 iohannis
1519 3912 1593 3986 testi
1617 3911 1790 4017 ubscripsi
1814 3921 1846 3984 et
1869 3914 2100 4010 suprascriptos
2123 3931 2194 3984 so-

639 4027 643 4035 ·
770 4021 850 4094 sana
873 4024 1152 4128 enatasset

865 4145 896 4237 †
920 4148 990 4242 Ego
1013 4148 1138 4243 sergdus
1171 4153 1342 4247 primarius
1374 4155 1543 4252 Compleri
1575 4165 1607 4230 et
1636 4155 1761 4234 absolui
1783 4181 1842 4256 per
1864 4169 2042 4232 memorata
2065 4167 2187 4256 quarta

770 4266 894 4380 decima
918 4267 1091 4346 indictione
1115 4271 1147 4366 †
1945 4303 1946 4307 ’
