4896 6522
1418 534 1543 634 (⁵⁴)

1361 802 1575 880 CCLXXXV.

612 1100 675 1170 An,
850 1075 881 1172 †
904 1077 942 1148 ln
972 1071 1104 1150 nomine
1137 1065 1261 1142 domini
1284 1064 1339 1140 dei
1360 1061 1531 1137 curatoris
1551 1059 1657 1136 nostri
1679 1058 1778 1136 ihesu
1793 1059 1915 1137 Christi
1929 1060 2112 1160 lmperante
2128 1067 2188 1140 do-

587 1233 702 1316 1012„
755 1203 847 1278 mino
874 1209 985 1276 nostro
1007 1199 1125 1268 bailio
1150 1214 1268 1287 magne
1300 1192 1499 1287 imperatore
1525 1212 1611 1262 anno
1643 1190 1921 1286 quinquagesimo
1945 1195 2105 1268 secundo:
2128 1195 2186 1268 sed

756 1335 788 1402 at
811 1321 1015 1394 constantino
1039 1339 1161 1414 magno
1184 1315 1383 1410 imperatore
1406 1315 1506 1388 irater
1531 1312 1606 1386 aina
1623 1335 1711 1384 anno
1735 1315 1985 1412 quadragesimo
1999 1340 2106 1390 nono:
2131 1319 2186 1390 die

757 1452 911 1528 vicesima
934 1453 1026 1520 sexta
1050 1447 1171 1519 mensis
1193 1442 1333 1520 ianuarii
1356 1441 1535 1518 indictione
1551 1440 1678 1516 decima
1692 1441 1843 1538 neapoli:
1869 1443 1965 1516 Visus
1979 1444 2089 1541 itaque
2109 1444 2179 1538 inid

756 1598 816 1670 ego
840 1581 972 1668 petrum
996 1568 1255 1666 quinominatur
1279 1565 1321 1638 da
1344 1589 1477 1640 saccum
1498 1568 1603 1641 lilium
1628 1567 1792 1664 quondam
1819 1566 1963 1662 stephani
1980 1567 2117 1639 abitator
2146 1570 2181 1640 in

695 1724 702 1732 ·
756 1705 939 1772 memorato
963 1695 1037 1766 loco
1059 1714 1189 1766 saccum
1212 1691 1302 1788 qnod
1327 1700 1376 1764 est
1392 1691 1473 1764 ioris
1497 1689 1662 1765 flobeum:
1685 1687 1826 1762 rendere
1850 1689 1911 1762 tibi
1927 1691 2068 1788 denique
2084 1695 2185 1766 drosu

752 1826 823 1900 thia
837 1847 914 1900 mea
930 1820 996 1898 filia
1010 1821 1176 1918 quondam
1192 1819 1277 1915 petri
1293 1841 1367 1892 ecce
1383 1843 1402 1888 a
1416 1817 1610 1912 preteritum
1634 1839 1739 1892 unum
1762 1838 1886 1888 annum
1909 1819 2007 1912 recepi
2026 1833 2091 1899 nte
2114 1820 2187 1890 anri

753 1923 816 2030 tari
833 1951 951 2049 viginti
975 1925 1061 2024 tres:
1087 1949 1172 2020 ldest
1186 1947 1313 2044 integra
1336 1969 1401 2020 una
1417 1947 1514 2020 tertia
1537 1967 1612 2018 mea
1635 1968 1678 2018 ex
1701 1945 1866 2040 integrum
1888 1965 1991 2016 unum
2015 1941 2185 2016 cuniolum

751 2084 812 2178 qui
835 2081 1021 2156 nominatur
1044 2076 1125 2152 billa
1146 2075 1241 2161 noha.
1259 2075 1299 2148 de
1323 2075 1384 2148 illu
1408 2075 1608 2170 grummueu.
1634 2071 1778 2170 positum
1800 2093 1879 2148 rero
1900 2071 1936 2144 in
1951 2069 2026 2142 loco
2040 2069 2101 2170 qui
2114 2091 2183 2142 vo-

752 2216 845 2284 catur
860 2197 958 2304 super
980 2215 1129 2309 sanctum
1162 2204 1317 2278 andream
1349 2210 1382 2274 at
1412 2211 1560 2276 sextum:
1596 2201 1656 2298 qni
1687 2201 1771 2274 aduc
1801 2201 1839 2272 in
1870 2219 2044 2274 comunem
2072 2206 2106 2268 et
2128 2197 2186 2272 in-

751 2335 896 2409 divisum
921 2333 1042 2408 reincet
1073 2333 1142 2427 ipsa
1177 2331 1273 2403 tertia
1296 2351 1369 2404 mea
1375 2377 1506 2402 ......
1536 2351 1613 2404 oum
1646 2329 1774 2424 reliqna
1804 2327 1898 2400 tertia
1930 2334 2185 2402 mememorato

753 2458 852 2540 doru
878 2457 944 2526 thie
969 2479 1040 2528 mee
1065 2455 1193 2527 exinde.
1229 2460 1361 2522 etcum
1385 2450 1452 2524 elia
1489 2473 1557 2524 una
1581 2452 1677 2524 tertia
1701 2449 1819 2524 exinde
1843 2452 1965 2524 iterum
1988 2452 2028 2525 de
2052 2451 2185 2524 herodes

752 2559 918 2680 quondam
940 2583 1086 2680 gregorii
1110 2580 1171 2654 thii
1194 2579 1272 2652 mei.
1297 2580 1421 2655 dudum
1447 2579 1597 2676 germani
1621 2579 1670 2654 tui
1677 2627 1878 2652 .........
1892 2577 1986 2652 tertia
2008 2601 2100 2650 mea.
2120 2600 2184 2650 una

753 2731 828 2780 cnm
851 2708 919 2802 ipsa
945 2707 1042 2778 tertia
1066 2713 1131 2776 tua.
1157 2709 1190 2774 et
1214 2725 1291 2776 cum
1314 2702 1385 2798 ipsa
1407 2705 1504 2775 tertia
1527 2703 1568 2776 de
1588 2701 1758 2778 memorati
1775 2701 1909 2774 heredes
1924 2703 1988 2774 iam
2005 2704 2082 2776 dicti
2097 2726 2171 2798 grc-

619 2861 628 2878 ·
753 2833 840 2926 gorii
863 2829 924 2900 thii
949 2828 1024 2902 mei.
1050 2828 1174 2900 dudum
1198 2829 1345 2923 germani
1369 2827 1428 2898 tui.
1453 2827 1573 2898 iterum
1593 2825 1674 2896 aduc
1698 2825 1733 2896 iu
1756 2849 1930 2898 comunem
1954 2835 1986 2898 et
2008 2825 2182 2898 indivisum

757 2960 876 3031 reincet
899 2981 974 3030 cum
998 2957 1136 3052 reliquas
1163 2965 1227 3028 tres
1250 2966 1361 3051 partes
1387 2955 1520 3028 heredes
1544 2953 1711 3049 quondam
1737 2954 1859 3026 domini
1877 2956 1958 3050 petri
1974 2953 2119 3027 cumalisa
2148 2963 2183 3026 et

746 3080 889 3170 ,heredes
926 3081 1092 3176 quondam
1126 3079 1252 3154 domini
1281 3078 1414 3176 pictrdi:
1438 3087 1470 3151 et
1495 3077 1629 3150 heredes
1664 3077 1829 3172 quondam
1858 3079 1987 3150 drosum
2010 3079 2075 3150 lilia
2098 3079 2184 3173 petri

705 3217 707 3224 '
753 3205 904 3279 monachi
926 3207 1040 3280 relicta
1063 3208 1232 3303 quondam
1258 3207 1437 3280 anastasii:
1462 3228 1529 3280 une
1553 3229 1630 3280 cnm
1653 3206 1822 3280 arboribus
1846 3217 1878 3279 ot
1893 3208 2062 3280 introitum
2085 3229 2186 3281 suum

753 3337 952 3432 omnibusque
974 3340 1037 3410 sibi
1058 3337 1243 3429 peneroliter
1263 3336 1516 3431 pertinentilma:
1541 3335 1628 3408 unde
1652 3353 1715 3430 ego
1738 3347 1918 3408 memorato
1949 3345 2044 3432 petro
2077 3337 2184 3431 recepi

750 3469 824 3530 ate
849 3461 968 3532 exinde
1000 3459 1083 3530 idest
1106 3459 1278 3530 memorati
1303 3460 1375 3529 auri
1397 3456 1461 3528 tari
1482 3456 1685 3552 higintitresa
1712 3459 1807 3532 etiam
1832 3467 1864 3528 et
1887 3457 1948 3528 tibi
1972 3459 2079 3530 media
2103 3483 2181 3531 sor-

752 3594 818 3657 tem
843 3584 932 3657 dedit
956 3585 1087 3681 quidam
1114 3585 1248 3658 domino
1280 3589 1386 3680 sergio
1421 3585 1540 3658 seniori
1563 3611 1637 3661 meo
1670 3585 1737 3660 filio
1760 3586 1926 3683 quondam
1950 3587 2074 3661 domini
2098 3609 2181 3682 gre-

752 3709 838 3802 gorii
844 3757 998 3784 .......
1013 3735 1023 3779 :
1047 3710 1087 3782 de
1110 3710 1244 3782 domino
1266 3711 1386 3783 andree
1403 3718 1436 3782 et
1450 3713 1604 3807 gregorio
1618 3711 1684 3784 filio
1710 3712 1873 3810 quondam
1892 3712 2018 3786 domini
2041 3710 2180 3808 sparani.

753 3842 911 3930 quatenus
935 3834 996 3905 tibi
1020 3834 1103 3906 illud
1127 3835 1267 3908 vendere
1290 3835 1325 3906 in
1350 3837 1521 3910 memorati
1545 3837 1607 3909 tari
1633 3835 1751 3932 biginti
1774 3845 1857 3912 tres:
1890 3841 1989 3912 modo
2013 3857 2092 3911 vero
2116 3855 2180 3906 ve-

752 3958 828 4028 nisti
852 3965 888 4028 tu
910 3959 1089 4028 memora'ta
1113 3959 1212 4032 drosu
1236 3959 1303 4030 thia
1326 3983 1398 4033 mea
1413 3962 1500 4034 unde
1524 3983 1599 4033 cnm
1615 3962 1800 4036 memoratis
1824 3964 2017 4036 mediatores
2039 3971 2073 4035 et
2097 3985 2178 4059 que-
2315 3979 2318 3986 ·

752 4085 810 4154 stis
833 4104 887 4156 me
910 4093 1067 4182 quatenus
1089 4085 1151 4158 tibi
1175 4086 1292 4160 exinde
1315 4089 1422 4162 fecere
1445 4087 1513 4184 ipsa
1539 4087 1683 4162 chartule
1708 4087 1804 4159 sicuti
1838 4086 1897 4157 tihi
1921 4087 1994 4159 dedi
2018 4087 2083 4184 ipsi
2106 4107 2175 4157 me-

754 4206 905 4280 diatores.
932 4219 965 4281 et
988 4209 1196 4286 distrinxistis
1218 4235 1274 4282 me
1297 4233 1375 4284 cum
1406 4213 1592 4286 memoratis
1615 4215 1805 4287 mediatores
1828 4235 1909 4312 quas
1933 4237 1996 4312 ego
2019 4216 2080 4288 tibi
2104 4214 2176 4286 dedi

753 4336 825 4428 ipso
847 4339 999 4432 preterito
1015 4361 1127 4432 ‚unum
1150 4363 1272 4410 annum
1295 4350 1328 4413 et
1351 4341 1494 4414 medinm
1518 4343 1659 4438 quando
1672 4343 1771 4416 miclri
1796 4345 1873 4440 ipsis
1897 4345 2087 4416 mediatores
2110 4341 2175 4413 de-

753 4458 829 4528 disti
852 4464 1023 4534 memorati
1047 4463 1112 4534 tari
1130 4463 1252 4556 ‚higino
1276 4472 1340 4536 tres
1364 4465 1497 4537 chirco
1520 4465 1574 4539 ha
1597 4469 1738 4560 presenti
1771 4467 1824 4538 dia
1847 4466 2085 4564 promptissima
2107 4489 2176 4538 vo-

752 4586 874 4662 luntate
896 4613 955 4683 per
979 4611 1038 4660 auc
1062 4587 1243 4662 chartulam
1276 4593 1434 4664 confirmo
1458 4605 1575 4691 atque:
1611 4597 1645 4666 in
1669 4598 1809 4689 presenti
1832 4597 1992 4669 contradit
2014 4595 2073 4666 tibi
2099 4619 2175 4668 me-

751 4717 875 4782 morata
898 4713 997 4784 drosn
1020 4710 1089 4785 thia
1112 4735 1185 4785 mea
1207 4738 1272 4786 una
1296 4739 1371 4786 cum
1395 4715 1569 4788 bnlnmtnte
1592 4719 1732 4808 presenti
1755 4731 1901 4794 matrona
1935 4725 2070 4820 coniugi
2092 4749 2175 4798 mee.

754 4835 840 4908 idest
874 4837 1097 4930 prenominata
1137 4839 1261 4932 integra
1300 4837 1393 4908 tortia
1425 4859 1497 4908 mea
1528 4861 1568 4909 ex
1595 4839 1702 4936 ipsum
1731 4843 1894 4941 integrum
1918 4848 2085 4922 cuniclum
2116 4847 2174 4945 qni
