4896 6522
1440 556 1556 652 (5⁸)

780 723 847 796 suis
870 721 910 794 de
924 725 1103 792 memorata
1119 718 1253 791 ecclesia
1266 715 1360 788 robis
1385 711 1562 802 vestrisque
1585 705 1758 777 heredibus
1774 706 1922 778 dedimus
1937 711 1978 781 ad
1993 711 2203 787 detinendum

758 861 815 922 fet
838 850 1090 944 pastenandum:
1116 849 1154 917 lu
1178 869 1218 916 eo
1242 845 1329 915 enim
1353 850 1499 910 tenorem
1522 841 1681 927 quatenus
1704 831 1820 902 homni
1843 857 1952 906 annuo
1976 841 2054 910 ahto
2077 851 2203 938 tempo·

782 999 851 1048 rem
874 975 932 1044 hos
955 983 988 1044 et
1011 970 1145 1044 heredes
1169 969 1284 1041 vestris
1307 962 1448 1036 debeatis
1471 981 1549 1031 eum
1572 957 1654 1029 bene
1678 967 1711 1030 et
1735 957 2070 1058 diligenterlahorare
2093 981 2127 1039 et
2150 993 2202 1041 es-

740 1147 742 1150 -
781 1099 886 1168 colere
910 1107 944 1166 et
966 1105 999 1166 at
1022 1093 1156 1164 meliore
1180 1089 1269 1160 cultu
1296 1085 1472 1178 perducere
1495 1081 1637 1154 debeatis
1660 1080 1864 1154 inomnihus
1880 1085 1970 1156 etde
1990 1093 2200 1166 caucuminas

658 1275 661 1282 .
783 1236 816 1296 es
839 1227 923 1294 bites
944 1224 1026 1292 bene
1049 1219 1129 1286 illue
1152 1221 1319 1306 pasteuare
1351 1209 1493 1284 debeatis
1517 1217 1550 1278 at
1572 1209 1664 1279 omni
1696 1217 1806 1280 vestro
1841 1216 2002 1308 expeudio
2034 1225 2199 1312 quomodo

782 1351 901 1420 iustum
925 1341 1038 1414 fueris.
1065 1348 1099 1410 et
1121 1338 1224 1410 alium
1246 1337 1403 1408 homnem
1426 1335 1571 1406 lahorem
1594 1355 1693 1428 quem
1706 1333 1828 1406 ibidem
1842 1338 1978 1412 interius
2005 1351 2038 1412 et
2053 1349 2198 1438 superius

779 1493 944 1546 necessum
966 1468 1068 1542 fueris
1092 1474 1126 1540 et
1149 1465 1327 1559 indigueris
1349 1443 1504 1534 bar'itlut
1538 1482 1692 1557 peragere
1724 1464 1865 1539 devectis
1888 1489 1947 1540 seu
1970 1478 2004 1541 et
2027 1472 2068 1544 de
2091 1483 2199 1546 restra

780 1609 921 1676 semente
943 1598 1016 1670 illut
1039 1596 1199 1668 seminare
1227 1593 1370 1666 debeatis
1394 1601 1426 1663 et
1458 1592 1566 1672 omnia
1598 1615 1803 1689 quecumque
1835 1594 1957 1670 ibidem
1978 1599 2132 1672 'feceritis
2164 1603 2199 1676 iu

782 1727 896 1821 quabis
926 1723 1117 1796 seminatum
1140 1729 1173 1792 et
1196 1721 1231 1790 in
1255 1719 1367 1790 binum
1401 1738 1499 1810 super
1526 1717 1585 1790 hos
1617 1717 1690 1791 illut
1721 1717 1834 1792 tollere
1858 1727 1892 1790 et
1914 1719 2025 1794 lohere
2053 1724 2196 1800 debeatis

781 1855 891 1926 hunde
907 1875 966 1922 uos
982 1859 1035 1920 aut
1051 1848 1185 1943 posteris
1202 1847 1318 1918 nostris
1327 1845 1419 1916 vobis
1428 1845 1607 1939 vestrisque
1621 1843 1794 1917 heredibus
1808 1845 1925 1918 exinde
1938 1849 2061 1920 nullam
2068 1863 2196 1944 partem

782 1991 838 2053 aut
851 1988 972 2053 sortem
987 2001 1052 2048 uon
1065 1997 1240 2070 queremus
1251 1996 1309 2066 per
1325 1973 1452 2046 nullum
1463 1971 1596 2044 modum
1614 1981 1721 2066 preter
1734 1972 1774 2044 de
1790 1991 1856 2066 quo
1872 1973 1993 2046 ibidem
2005 1974 2199 2052 hohernoti-

783 2130 857 2178 cum
874 2103 1105 2176 seminaberitis
1129 2102 1186 2171 hos
1210 2111 1241 2171 ct
1265 2098 1399 2172 heredes
1422 2100 1536 2172 vestris
1559 2097 1641 2172 mihi
1655 2097 1800 2192 meisque
1823 2099 1965 2191 posteris
1982 2101 2100 2174 exinde
2118 2104 2198 2175 dare

784 2233 923 2304 debeatis
946 2231 1068 2302 modias
1092 2239 1156 2298 tres
1178 2249 1238 2320 pro
1263 2225 1355 2298 illum
1378 2227 1522 2298 triticum
1546 2227 1627 2299 duas
1649 2247 1730 2304 vero
1754 2225 1877 2298 modias
1901 2225 1941 2298 de
1957 2248 2147 2319 germanum
2165 2241 2199 2304 et

783 2381 886 2428 unum
911 2359 950 2428 de
973 2355 1130 2428 hordeum
1155 2352 1288 2426 insimul
1312 2363 1452 2425 tractum
1475 2363 1625 2449 peretum
1649 2373 1752 2447 usque
1776 2354 1862 2426 intus
1895 2365 1988 2448 porta
2021 2367 2195 2428 memorate

782 2483 912 2559 ecclesie
935 2490 1044 2554 nostre
1068 2481 1167 2574 gratis
1200 2491 1422 2550 mensuratum
1456 2481 1497 2552 ed
1521 2479 1668 2552 modium
1690 2479 1811 2552 iustum
1834 2480 1903 2552 sine
1927 2481 2019 2554 omni
2035 2483 2197 2554 amarice-

783 2617 869 2687 tione
892 2613 1009 2684 amodo
1034 2623 1066 2682 et
1089 2613 1271 2705 usquedum
1295 2611 1417 2682 ibidem
1441 2620 1553 2684 uatum
1576 2611 1677 2684 fueris
1691 2611 1800 2704 ipsum
1812 2609 1928 2684 binum
1942 2621 2086 2684 mustum
2102 2637 2197 2693 mun,-
2221 2584 2231 2604 Ἰ

783 2746 860 2816 dum
883 2739 1002 2812 hornae
1025 2738 1137 2808 decem
1160 2747 1193 2808 et
1216 2745 1374 2830 quantum
1397 2737 1517 2810 ibidem
1541 2745 1652 2808 natum
1675 2735 1773 2808 tueris
1788 2737 1896 2830 ipsum
1912 2737 2028 2810 binum
2041 2741 2197 2812 mundum

706 2907 709 2929 ι
783 2871 901 2942 hornus
924 2869 1035 2940 decern
1058 2878 1095 2940 ut
1117 2890 1213 2962 super
1236 2868 1355 2960 legitur
1370 2877 1447 2938 tunc
1470 2866 1538 2960 ipse
1562 2866 1730 2938 terraticus
1754 2867 1934 2940 moriantur
1947 2877 1980 2940 et
1995 2878 2070 2940 tunc
2085 2893 2197 2964 quan-

770 3002 855 3066 ,tum
878 2994 993 3066 binum
1008 2993 1127 3064 ibidem
1152 2993 1246 3064 nohis
1261 2991 1507 3066 dominus'deus
1522 2993 1648 3066 dederis
1671 2992 1829 3064 mundum
1851 3001 1883 3066 et
1905 3015 2097 3088 saccepanna
2118 3007 2198 3068 tunc

785 3119 962 3192 dibidamus
986 3118 1060 3190 illut
1082 3120 1171 3190 iuter'
1191 3118 1284 3190 nobis
1308 3117 1491 3212 nostrisque
1513 3119 1652 3210 posteris
1674 3139 1733 3188 seu
1756 3117 1927 3190 heredibus
1946 3142 2004 3212 per
2019 3121 2198 3192 sexuncias.

783 3267 842 3316 nos
866 3255 898 3314 et
920 3245 1056 3338 posteris
1079 3246 1196 3316 nostris
1221 3243 1338 3318 exinde
1363 3244 1577 3337 percipiamus
1608 3243 1812 3316 medietatem
1842 3252 1876 3313 et
1908 3244 1968 3316 bos
2000 3255 2033 3316 et
2064 3243 2197 3316 heredes

782 3372 897 3442 vestris
920 3369 1037 3442 exinde
1071 3367 1255 3462 percipiatis
1283 3367 1345 3440 elia
1375 3370 1578 3442 medietatem
1605 3377 1638 3441 et
1661 3371 1763 3462 ipsam
1795 3368 1999 3442 medietatem
2023 3379 2132 3442 nossa
2156 3393 2198 3442 ex

784 3498 893 3590 ipsum
930 3498 1045 3570 binum'
1078 3499 1237 3570 mundum
1272 3499 1331 3571 hos
1359 3508 1390 3568 et
1413 3499 1545 3572 heredes
1577 3498 1691 3572 vestris
1722 3497 1814 3570 nohis
1844 3497 2025 3593 nostrisque
2059 3499 2197 3594 posteris

786 3626 902 3700 exinde
933 3625 1062 3698 trahere·
1089 3629 1229 3700 debeatis
1261 3627 1301 3696 ad
1334 3631 1423 3700 omui
1450 3631 1559 3700 vestro
1585 3628 1743 3722 expeudio
1773 3633 1880 3720 preter
1911 3627 1996 3720 ipsas
2027 3607 2199 3702 sexuncias

785 3763 910 3825 uestras
934 3756 973 3825 de
997 3756 1065 3850 ipsa
1088 3779 1282 3851 seceapanua
1307 3781 1366 3828 uos
1391 3756 1484 3826 nobis
1512 3754 1580 3828 illas
1605 3759 1732 3830 trahere
1757 3757 1930 3829 debeamus
1960 3755 2097 3850 qualiter
2128 3777 2199 3850 po·

784 3883 941 3956 tuerimus
962 3891 1013 3954 set
1035 3885 1094 3955 hos
1119 3885 1211 3957 nobis
1237 3887 1307 3956 illut
1323 3864 1498 3956 recondere
1519 3894 1552 3955 et
1566 3888 1694 3958 serbare
1718 3885 1859 3958 debeatis
1881 3885 1917 3956 in
1931 3906 2069 3980 orgenea
2093 3893 2197 3955 vestra

741 4047 745 4060 2
783 4029 885 4106 usque
909 4015 945 4084 in
967 4014 1019 4084 die
1043 4015 1136 4085 tertia
1160 4015 1211 4086 vel
1235 4025 1348 4110 quarte
1372 4026 1405 4084 at
1427 4015 1533 4107 ipsum
1558 4015 1723 4087 arbustum
1753 4017 1812 4088 hos
1835 4016 2036 4088 vendemiare
2062 4013 2199 4087 debeatis

783 4145 815 4208 et
838 4136 922 4228 ipsas
945 4136 1079 4208 homues
1104 4139 1207 4210 hubas
1232 4137 1347 4208 exinde
1370 4139 1570 4231 pulmentum
1594 4149 1808 4212 memoratum
1831 4141 1872 4211 ad
1894 4165 1967 4232 casa
1991 4150 2110 4214 vestras
2135 4139 2200 4210 ad-

784 4263 900 4334 ducere
922 4274 955 4336 et
979 4267 1101 4338 calcare
1125 4265 1265 4338 debeatis
1281 4265 1322 4337 ad
1338 4267 1427 4338 omni
1451 4279 1559 4340 vestro
1576 4271 1756 4364 expendia:
1775 4273 1998 4356 tantummodo
2021 4269 2132 4340 binum
2156 4267 2198 4338 ed

782 4388 956 4464 hibendum
981 4403 1012 4462 et
1038 4402 1153 4463 untum
1179 4415 1239 4486 pro
1269 4395 1475 4466 condimento
1500 4397 1539 4466 de
1563 4395 1727 4466 communi
1751 4396 1846 4465 exiet.
1871 4403 1904 4466 et
1936 4419 1994 4489 per
2017 4392 2197 4464 hindemios

782 4513 860 4584 bero
884 4519 962 4588 dum
987 4516 1155 4588 nobiscum
1178 4515 1457 4588 hendemiaheritis
1481 4517 1539 4588 bos
1562 4527 1595 4588 et
1617 4515 1750 4588 heredes
1767 4517 1880 4588 restris
1897 4517 1992 4587 nohis
2016 4513 2199 4607 nostrisque

781 4644 916 4732 posteris
944 4644 1066 4714 nutrire
1091 4643 1229 4715 debeatis
1253 4645 1332 4716 duas
1355 4669 1506 4739 personas
1533 4645 1614 4714 hene
1642 4645 1807 4738 quomodo
1830 4645 1948 4716 iustum
1972 4643 2071 4715 tueris
2102 4641 2200 4712 inses-

782 4785 839 4856 por
863 4773 896 4834 et
918 4776 1052 4858 quantas
1076 4769 1206 4864 glandes
1239 4779 1295 4840 aut
1326 4767 1480 4838 castanies
1510 4767 1563 4836 vel
1587 4765 1720 4839 insertas
1742 4767 1777 4837 in
1801 4768 1907 4859 ipsum
1932 4764 2099 4837 coniolum
2131 4784 2200 4832 no-

782 4900 885 4963 strum
915 4890 1041 4965 ehueris
1075 4899 1290 4968 communiter
1322 4895 1431 4966 ambas
1462 4905 1567 4986 pertas
1590 4894 1659 4964 illas
1683 4895 1808 4965 baetere
1841 4903 1875 4963 et
1898 4893 2051 4986 colligere
2075 4891 2201 4964 debea-
