4934 6532
1411 669 1557 763 (310)

769 833 846 904 dum
871 855 930 904 nec
954 853 1014 923 per
1036 827 1219 897 summimus
1243 841 1395 915 personas
1419 845 1478 892 neo
1501 843 1561 914 ‘per
1586 823 1708 894 nullam
1734 823 1941 900 adinventam
1957 833 2115 906 rationem
2139 850 2198 908 aut

768 987 826 1056 per
850 959 977 1030 nullum
1002 955 1181 1024 humanum
1207 951 1350 1022 studium
1376 952 1428 1022 vel
1453 951 1624 1020 arvitrium
1650 976 1668 1020 a
1694 975 1782 1022 nunc
1807 963 1839 1026 et
1863 957 1898 1026 in
1921 963 2080 1051 perpetuis
2097 975 2190 1034 tem.

770 1081 923 1175 poribus:
950 1085 997 1146 set
1022 1084 1057 1144 ut
1079 1075 1226 1165 superius
1251 1073 1393 1144 diximus
1418 1098 1435 1142 a
1460 1073 1513 1142 die
1538 1073 1753 1166 presentiset
1778 1099 1883 1173 usque
1911 1081 1946 1150 in
1962 1085 2195 1175 sempiternum

771 1213 853 1281 sita
879 1206 972 1276 nobis
999 1204 1090 1276 vohis
1125 1213 1157 1273 et
1187 1229 1245 1298 per
1271 1223 1330 1274 vos
1354 1203 1388 1270 in
1413 1201 1528 1272 eodem
1560 1213 1669 1272 vestro
1704 1209 1902 1279 monasterio
1934 1212 2069 1306 eiusque
2095 1215 2200 1284 vestre

772 1333 1030 1428 congregationis
1053 1335 1205 1402 otiertum
1230 1343 1262 1400 et
1286 1331 1440 1401 traditum
1466 1331 1779 1424 inssempiternum:
1801 1347 1833 1407 et
1851 1361 1956 1432 neque
1977 1365 1995 1408 a
2013 1341 2107 1411 nobis
2127 1365 2202 1412 me-

772 1471 898 1536 morato
930 1459 1058 1531 marino
1090 1460 1203 1528 inclito
1237 1461 1355 1530 comite
1388 1460 1558 1530 memorati
1591 1462 1687 1530 castri
1717 1468 1878 1534 summani
1903 1490 2009 1562 neque
2036 1495 2055 1538 a
2085 1473 2204 1542 nostris

772 1585 907 1682 posteris
931 1586 989 1678 qui
1015 1583 1121 1676 ipsum
1145 1583 1313 1654 rastellum
1339 1582 1479 1652 tenueris
1505 1580 1596 1652 nuilo
1621 1592 1767 1675 tempore
1782 1609 1964 1680 numquam
1981 1615 2040 1661 vos
2058 1603 2115 1661 aut
2132 1616 2199 1686 po-

775 1715 866 1786 steris
890 1714 1004 1783 restris
1029 1709 1080 1778 vel
1105 1715 1283 1780 memorato
1307 1715 1414 1774 restro
1439 1702 1634 1774 monasterio
1649 1705 1785 1799 eiusque
1800 1721 1908 1780 sancte
1927 1721 2032 1782 vestre
2049 1735 2197 1808 congre-

775 1839 915 1931 gationis
939 1838 1107 1906 memorati
1132 1833 1230 1904 vestri
1255 1829 1442 1900 monasterii
1466 1829 1666 1922 presentibus
1692 1841 1723 1900 et
1742 1833 1859 1902 futuris
1877 1837 1966 1928 quod
1981 1840 2064 1910 absit
2082 1843 2198 1912 abeatis

778 1963 893 2031 exinde
918 1959 1089 2052 aliquando
1113 1975 1317 2047 quacumque
1350 1953 1601 2046 requesitionem
1626 1966 1682 2022 aut
1706 1954 1850 2024 molestia
1876 1981 1933 2048 per
1965 1962 2089 2031 nulium
2125 1987 2198 2032 mo-

778 2094 855 2160 durn
879 2109 938 2158 neo
963 2110 1020 2179 per
1043 2086 1228 2154 summissas
1261 2082 1414 2176 personas
1439 2107 1458 2151 a
1483 2104 1569 2152 nune
1593 2091 1626 2150 et
1649 2082 1682 2153 in
1708 2083 1869 2174 perpetuis
1894 2089 2116 2180 temporibus:
2143 2091 2199 2159 in-

778 2239 875 2310 sopor
897 2215 1051 2310 promitto
1075 2225 1108 2282 et
1133 2215 1259 2286 stanno
1284 2211 1377 2282 robis
1400 2221 1437 2281 ut
1461 2211 1488 2279 si
1512 2211 1629 2304 quasis
1653 2231 1800 2303 personas
1826 2234 1883 2282 ros
1906 2223 1961 2283 aut
1980 2219 2116 2299 posteris
2135 2241 2200 2286 ve-

657 2417 659 2442 ]
780 2348 854 2414 stris
877 2357 934 2416 aut
956 2347 1260 2413 mermrato'restro
1285 2340 1479 2410 monasterio
1504 2337 1557 2410 vei
1580 2339 1648 2430 ipso
1666 2350 1771 2410 restra
1789 2339 1971 2412 obedientia
1986 2341 2101 2412 exinde
2116 2365 2199 2433 que·

782 2471 872 2542 sierit
896 2492 952 2561 per
976 2491 1035 2538 nos
1058 2479 1115 2536 ant
1132 2487 1196 2558 per
1220 2465 1337 2532 nostris
1363 2462 1537 2534 heredibus
1554 2485 1646 2536 neum
1661 2465 1797 2556 postoris
1812 2468 1871 2560 qui
1888 2464 1994 2557 ipsum
2012 2464 2200 2535 comitatum

782 2623 822 2672 ex
846 2603 952 2692 ipsum
969 2595 1136 2666 castelium
1157 2613 1369 2664 cummanum
1387 2594 1545 2664 tenuerit:
1568 2593 1660 2664 robis
1677 2594 1876 2686 posterisque
1894 2595 2008 2666 restris
2025 2605 2056 2662 et
2076 2587 2110 2663 iri
2128 2617 2202 2662 me-

781 2737 909 2800 morato
931 2735 1038 2798 restro
1062 2724 1259 2794 monasterio
1282 2743 1341 2794 noe
1364 2731 1397 2791 et
1420 2723 1556 2814 posteris
1580 2725 1699 2792 nostris
1718 2742 1781 2791 ¹eos
1799 2719 1917 2791 exinde
1937 2721 2075 2812 desuper
2092 2721 2203 2790 toliere

783 2871 815 2928 et
841 2857 951 2928 taeitos
974 2858 1079 2926 tacere
1102 2853 1415 2946 semimaremque
1440 2850 1533 2922 omni
1551 2861 1656 2922 rastri
1673 2852 1920 2922 damnietatem:
1946 2849 2064 2918 notiam
2083 2850 2200 2918 exinde

785 2987 895 3055 dantes
921 2993 977 3052 ant
992 2981 1146 3075 quatiunt
1169 2981 1331 3050 mittentes
1353 2978 1599 3051 oomnsionam:
1624 2981 1701 3073 qnia
1727 2982 1770 3049 ita
1793 2979 1884 3049 nobis
1907 2979 1940 3048 in
1953 2977 2103 3048 omuibus
2117 2997 2204 3045 rone

784 3109 970 3179 voluntatis
994 3107 1210 3199 complacuitr
1237 3105 1270 3176 si
1294 3105 1370 3200 quis
1394 3115 1502 3175 sutem
1526 3129 1568 3177 ex
1594 3107 1686 3177 nobis
1711 3106 1762 3178 vei
1785 3108 1827 3176 de
1853 3106 1989 3198 posteris
2017 3103 2132 3174 nostris
2150 3113 2205 3170 aut

785 3238 825 3306 de
849 3237 967 3307 nostris
990 3233 1190 3306 ordinatiiiua
1215 3233 1268 3304 vet
1293 3234 1371 3304 atius
1396 3229 1512 3328 quavis
1537 3255 1689 3326 personas
1714 3244 1828 3327 potens
1844 3234 1896 3304 vei
1912 3235 2073 3326 impotens
2088 3231 2203 3324 quotis

786 3373 930 3456 tempore
954 3373 1066 3434 contra
1090 3385 1149 3433 ana
1173 3363 1317 3434 eirartuta
1341 3363 1511 3432 obtatiouis
1537 3373 1573 3432 nt
1590 3385 1687 3455 super
1711 3361 1830 3454 iegitur
1848 3363 1960 3434 venire
1977 3359 2202 3454 presumpserit

789 3512 902 3580 perse
927 3501 982 3561 aut
1004 3510 1062 3580 per
1087 3489 1265 3558 summissis
1289 3487 1435 3578 personis
1460 3487 1513 3557 ret
1538 3507 1576 3554 ea
1602 3507 1736 3556 menam
1763 3495 1817 3554 aut
1840 3487 1928 3558 irrita
1946 3487 2047 3554 faeere
2066 3483 2207 3551 voluerit

787 3641 844 3712 per
868 3617 991 3711 quouis
1011 3616 1152 3689 modios
1169 3619 1251 3684 tunc'
1271 3617 1312 3683 sit
1337 3613 1392 3684 itie
1416 3615 1669 3684 innodatussob
1698 3613 1826 3681 rineuio
1846 3610 2053 3680 anathematis
2072 3621 2207 3678 trecen-

788 3759 895 3812 torum
921 3741 1031 3810 darem
1057 3753 1089 3808 et
1111 3751 1188 3808 octo
1212 3751 1362 3832 patrum:
1386 3739 1548 3835 abeamus
1568 3748 1691 3829 partem
1709 3757 1785 3807 euru
1811 3737 1884 3806 iuda
1902 3735 2056 3804 traditore
2081 3734 2203 3804 nomini

791 3869 892 3940 nostri
917 3869 1010 3940 ihesu
1033 3869 1144 3938 christi
1170 3877 1205 3937 ut
1230 3869 1263 3937 in
1286 3869 1373 3937 diem
1398 3867 1508 3938 munti
1532 3873 1607 3938 ants
1629 3885 1803 3936 commune
1828 3863 1967 3933 iudicem
1993 3863 2033 3930 sit
2049 3861 2203 3930 damnau-

789 3997 870 4066 dao:
897 3995 1028 4087 iamper
1051 4003 1224 4088 componat
1244 3994 1279 4062 iu
1301 4001 1482 4064 memorato
1501 3991 1701 4062 monasterio
1716 3991 1796 4074 ¹puri
1821 3988 1919 4058 libras
1940 3989 2022 4059 duas
2047 3985 2205 4080 spuun-

790 4133 857 4194 teos
877 4133 913 4192 'et
937 4123 997 4193 hec
1022 4123 1169 4192 chartula
1193 4119 1371 4192 offertionis
1395 4129 1433 4190 nt
1455 4132 1554 4212 sopor
1577 4120 1697 4210 legitur
1718 4119 1760 4187 sit
1777 4118 1870 4189 tirma
1887 4117 2005 4206 scripta
2023 4135 2081 4207 per
2095 4135 2206 4182 manus

789 4249 887 4340 sergii
912 4250 1058 4340 primarii
1082 4269 1140 4341 per
1163 4255 1339 4318 memorata
1363 4243 1554 4314 duodecima
1579 4241 1752 4314 Metione
1769 4242 1799 4334 †
1814 4241 1877 4311 hoo
1903 4235 2077 4332 signum†
2094 4258 2207 4306 manus

791 4388 971 4446 memorato
995 4376 1121 4445 marino
1145 4377 1269 4446 eonrite'
1287 4371 1549 4470 quot‘egospro
1574 4393 1651 4445 enan
1673 4371 1893 4464 subscripsi†
1972 4353 1982 4395 ¹

884 4501 915 4595 †
939 4525 1000 4594 ego
1025 4506 1167 4572 marinus
1185 4503 1278 4571 titire
1301 4499 1426 4574 domini
1451 4498 1588 4591 aligsrni
1614 4497 1687 4568 areu
1703 4493 1924 4587 subscrips&

771 4627 795 4694 'r
874 4627 915 4720 3†
940 4617 1001 4723 ugo
1025 4629 1151 4720 sergius
1173 4627 1259 4698 fitius
1284 4626 1407 4698 domini
1431 4623 1576 4716 gregorii
1601 4621 1673 4692 testi
1696 4622 1871 4712 summipsi
1896 4621 1925 4713 †

832 4763 836 4773 “
867 4758 916 4850 †
940 4781 1001 4851 ego
1026 4757 1182 4826 iohannes
1205 4753 1294 4824 filios
1320 4753 1442 4826 domini
1458 4751 1566 4843 'sergii
1590 4752 1663 4818 testi
1686 4748 1904 4841 mbctipoi†
2061 4809 2064 4815 .

792 4919 816 4940 ·,
886 4886 921 4977 ·†
944 4889 1014 4978 Ego
1048 4886 1175 4978 sergius
1200 4883 1379 4975 primarios
1398 4879 1578 4972 temptari
1613 4885 1644 4944 et
1673 4877 1799 4950 absolvi
1831 4899 1889 4968 per
1916 4883 2089 4952 memorttr
2119 4871 2211 4940 duo-

795 5012 918 5082 decima
945 5013 1117 5082 indictione
1143 5013 1173 5105 †
1260 5019 1266 5032 '
1345 5030 1350 5056 ²
1485 5031 1490 5055 ¹
1605 5050 1608 5058 ·
1702 5042 1706 5052 ·
1944 5022 1947 5030 ’
