4882 6534
889 607 1030 700 (aas)

868 893 1041 968 CCCLXV.

842 1143 969 1218 Christe
991 1145 1073 1218 lave.
1231 1089 1246 1184 ².

342 1404 435 1501 μη
456 1403 589 1476 maana
616 1383 1003 1478 cannamomum
1027 1401 1130 1477 noea
1149 1389 1246 1478 raon
1262 1402 1384 1480 cama
1398 1409 1578 1504 impiae
1602 1407 1668 1480 uo-
1755 1399 1832 1468 aar

248 1535 338 1610 mino
360 1539 472 1604 noatro
495 1531 652 1606 michaele
682 1552 803 1626 magno
833 1532 1029 1625 imperatore
1057 1553 1142 1606 anuo
1161 1518 1324 1606 seeuudo:
1352 1535 1404 1608 die
1423 1544 1519 1606 ¹sexta
1542 1535 1668 1608 decima
1748 1527 1863 1598 10³⁰··

248 1661 367 1736 mensis
389 1659 499 1732 martii
522 1658 697 1734 indictione
720 1665 835 1756 quarta
858 1639 984 1754 neapoli
997 1682 1017 1728 a
1029 1657 1164 1730 &num
1179 1667 1228 1728 est
1244 1679 1298 1730 me
1316 1660 1509 1753 stephanum
1524 1663 1583 1756 qui
1599 1683 1666 1732 no·

247 1784 391 1858 minatur
423 1783 573 1858 colticato
602 1781 671 1856 lilio
700 1780 866 1878 quondam
897 1779 992 1875 petri.
1026 1779 1164 1852 abitator
1187 1803 1266 1854 vero
1290 1782 1326 1854 in
1348 1783 1422 1854 loco
1447 1785 1506 1879 qui
1530 1793 1668 1858 vocatur

246 1912 344 1982 setari
367 1913 456 2004 quod
479 1919 528 1986 est
548 1914 634 1984 iores
658 1897 820 1985 liubiumi
841 1895 907 1981 uua
938 1928 1014 1982 eum
1037 1906 1210 1981 voluntate
1226 1916 1374 2004 presente
1397 1911 1552 2005 eupraxia
1580 1934 1666 1985 con-

247 2037 325 2132 iuge
349 2059 467 2112 meaaa
491 2040 522 2112 A
545 2040 684 2136 presenti
706 2039 759 2110 die
772 2036 990 2133 promtissima
1006 2034 1171 2108 voluntate
1186 2036 1371 2110 venundedi
1384 2044 1420 2109 et
1434 2037 1552 2113 tradidi
1567 2039 1661 2112 vobis

249 2159 383 2234 domino
404 2162 561 2258 stepbano
583 2161 761 2234 venerabili
794 2161 901 2232 abbati
931 2158 1116 2232 monasterii
1138 2145 1324 2234 sanatorum
1348 2161 1486 2234 saberini
1511 2172 1552 2236 et.
1567 2162 1663 2236 sossii

251 2286 310 2358 ubi
334 2307 451 2361 eorum
474 2283 671 2360 venerabilia
704 2285 877 2378 quiescunt
899 2305 1048 2377 corpora.
1073 2294 1107 2358 et
1132 2305 1190 2378 per
1213 2305 1273 2358 vos
1295 2284 1331 2355 in
1353 2295 1533 2358 memorato
1557 2301 1665 2358 saneto

250 2427 280 2482 et
303 2414 471 2484 venerabili
504 2417 613 2481 vestro
644 2408 840 2478 monasterio
853 2387 873 2478 ιΙ
888 2385 973 2480 ldest
992 2411 1161 2500 ,integram
1183 2431 1315 2483 omnem
1339 2409 1437 2485 licere
1460 2421 1494 2482 et
1517 2411 1670 2506 portione

251 2557 310 2610 seu
333 2535 529 2630 pertinentia
552 2555 625 2605 mea
647 2555 689 2604 ex
712 2532 878 2625 integrum
901 2530 1004 2602 casale
1029 2531 1087 2623 qui
1112 2523 1301 2604 nominatur
1324 2545 1357 2605 at
1380 2527 1438 2608 illu
1462 2537 1669 2610 buccatortiu

249 2657 360 2754 positu
383 2679 464 2730 vero
486 2657 521 2727 in
544 2655 618 2728 luco
640 2654 700 2748 qui
715 2661 850 2726 vocatur
865 2653 906 2724 ad
921 2641 1068 2725 sanctum
1082 2659 1213 2749 petrum
1228 2661 1262 2724 at
1275 2653 1423 2726 calistum
1439 2659 1552 2729 eudem
1564 2719 1568 2726 .
1578 2671 1670 2751 parte

249 2785 337 2856 aaa
359 2783 511 2856 dubium.
545 2803 612 2854 una
642 2804 719 2854 cum
750 2779 920 2854 arboribus
942 2778 1118 2854 fructiferis
1141 2781 1194 2854 vel
1217 2782 1425 2856 mbucu'seris
1448 2793 1579 2856 etcum
1602 2785 1662 2856 in-

250 2905 386 2976 troitum
409 2925 508 2976 auum
531 2902 746 2998 omnibusque
777 2903 824 2976 eis
851 2903 1045 2998 generaliter
1072 2902 1304 3000 pertinentibus
1332 2907 1390 3002 qui
1415 2906 1497 2980 mibi
1520 2908 1663 3002 pertinet

161 3081 172 3090 -
249 3052 309 3124 par
333 3032 500 3126 quondam
522 3031 626 3103 maria
647 3031 804 3126 genitrice
828 3055 900 3105 mea
924 3033 984 3130 qui
1006 3032 1070 3104 tuit
1092 3033 1157 3106 iilia
1179 3033 1279 3130 sergii
1302 3033 1444 3106 cotticati
1459 3035 1500 3108 de
1519 3035 1592 3108 loeo
1606 3037 1665 3130 qui

251 3164 391 3228 vocatur
417 3156 544 3251 giniolo
579 3149 690 3230 eadein
715 3151 809 3254 perta
841 3161 927 3232 toras
951 3159 1095 3236 flubium
1119 3171 1152 3232 et
1174 3164 1216 3234 ad
1239 3162 1474 3257 eidem'sergio
1499 3161 1573 3234 abio
1596 3183 1671 3234 meo

251 3283 411 3377 pertinuit
433 3306 496 3378 pro
519 3285 731 3380 pastinatione
746 3309 804 3358 sua
826 3287 867 3358 de
889 3296 1069 3360 memorato
1091 3306 1203 3362 vestro
1218 3273 1431 3362 monasterio:
1449 3291 1489 3363 de
1504 3311 1569 3384 qua
1585 3287 1668 3360 nibil

256 3409 339 3482 mibi
362 3409 482 3484 exinde
499 3409 631 3506 aliquod
653 3415 806 3485 remansit
828 3422 885 3484 aut
907 3414 1071 3486 reserbavi
1091 3437 1152 3486 nec
1176 3415 1211 3488 in
1233 3416 1335 3488 aliem
1351 3437 1503 3510 personas
1517 3416 1665 3488 commisi

255 3539 421 3628 mostata.
445 3540 479 3604 et
503 3558 523 3602 a
546 3557 633 3608 nnnc
657 3545 690 3604 et
715 3536 865 3632 deinceps
889 3562 907 3607 a
931 3559 985 3610 ma
1007 3537 1102 3611 vobis
1125 3547 1158 3610 et
1180 3562 1239 3634 per
1267 3561 1326 3612 vos
1353 3542 1389 3612 in
1415 3541 1530 3612 eodem
1559 3547 1668 3612 sancto

253 3667 287 3728 et
307 3655 482 3728 venerabili
511 3664 620 3727 vestro
649 3659 846 3730 monasterio
878 3661 941 3728 sint
963 3667 1152 3754 potestatem
1175 3683 1306 3754 queque
1329 3661 1447 3732 exinde
1471 3663 1576 3732 iacere
1604 3683 1671 3734 vo-

253 3782 388 3855 lueritis
422 3791 455 3852 et
484 3807 590 3880 nequa
613 3810 633 3856 a
656 3807 710 3856 me
738 3791 919 3858 memorato
941 3784 1096 3880 stephano
1130 3784 1189 3880 qui
1219 3785 1406 3858 nominatur
1429 3785 1580 3860 colticato
1603 3808 1670 3858 uua

254 3933 330 3984 cum
360 3909 526 3984 voluntate
555 3920 703 4006 presente
734 3910 885 3984 iamdicta
919 3885 1093 4008 eupraxia-⁸
1112 3912 1245 4006 coniugi
1268 3934 1360 3982 meaa
1383 3933 1489 4009 nequo
1512 3935 1531 3978 a
1554 3909 1674 3982 nostris

255 4035 427 4110 heredibus
448 4036 539 4110 nullo
561 4047 706 4134 tempore
728 4061 909 4134 numquam
941 4060 999 4108 vos
1023 4039 1247 4130 prenominato
1272 4036 1406 4108 domino
1428 4034 1584 4128 stepbano
1607 4058 1673 4108 ve·

255 4165 392 4240 nerubili
415 4165 521 4238 abbati
544 4176 600 4238 aut
621 4167 758 4260 posteris
781 4165 897 4236 vestris
924 4162 979 4235 vel
1001 4169 1180 4234 memorato
1213 4169 1324 4232 sancto
1348 4171 1382 4232 et
1405 4159 1583 4233 venerabili
1606 4185 1673 4234 ve·

255 4301 324 4364 stro
347 4289 543 4366 monasterio
565 4289 656 4386 qnod
678 4288 761 4361 absit
784 4288 904 4362 abeatis
926 4288 968 4360 de
992 4311 1032 4360 oe
1055 4311 1121 4384 que
1143 4287 1292 4382 superius
1308 4287 1401 4360 vobis
1414 4286 1597 4362 venundedi
1613 4289 1674 4360 ali·

257 4419 389 4515 quando
412 4439 606 4514 quacunque
638 4413 856 4511 requesitiona
887 4422 944 4487 ant
973 4413 1119 4488 molestia
1142 4438 1202 4512 per
1224 4415 1352 4490 nullum
1374 4415 1510 4489 modum
1533 4439 1593 4488 nec
1615 4441 1674 4512 per

257 4539 435 4614 summissis
465 4559 616 4636 personas
639 4536 791 4610 bunum
814 4535 904 4606 etin
925 4535 1088 4632 perpetuis
1112 4538 1321 4634 temporibus.
1346 4548 1379 4608 et
1402 4541 1431 4610 si
1454 4537 1568 4636 quabia
1590 4560 1673 4632 par-

257 4691 351 4744 suuas
366 4690 425 4743 vus
440 4678 496 4742 unt
512 4665 645 4764 postem
659 4667 775 4740 vestris
791 4663 844 4742 val
858 4674 1036 4740 memorato
1051 4673 1161 4738 sancto
1180 4675 1212 4738 et
1226 4665 1402 4741 venerabili
1424 4673 1534 4738 vestro
1559 4687 1675 4736 mona-

257 4797 355 4870 sterio
377 4796 495 4870 exinde
517 4807 550 4868 et
573 4795 777 4890 querendum
808 4794 934 4866 benerit
957 4815 1016 4888 per
1038 4813 1091 4863 rna
1115 4799 1171 4864 aut
1195 4815 1253 4886 per
1276 4793 1357 4864 meis
1389 4791 1562 4864 heredibus
1596 4800 1674 4864 tunc

206 4953 208 4956 ·
258 4945 319 5016 eqo
342 4933 375 4993 et
398 4921 532 4995 bmedes
563 4923 645 4996 mab
675 4922 769 4996 vobis
799 4921 1001 5018 posterisque
1036 4918 1150 4994 vestris
1183 4929 1217 4994 et
1240 4919 1281 4992 ad
1304 4931 1486 4994 memorato
1510 4929 1620 4992 sancto
1644 4932 1677 4992 st

357 5048 422 5120 Vol
445 5049 505 5124 li'.
1276 5058 1322 5122 ³4
