4940 6518
1470 601 1563 697 (2)
1674 621 1675 624 ‘

806 761 887 837 stitis
910 765 945 835 in
967 759 1100 856 eoihgio
1123 771 1157 833 et
1179 759 1390 834 laborandum
1412 768 1446 830 at
1469 759 1676 832 detinendum
1705 759 1742 832 ln
1767 783 1808 831 eo
1831 768 1943 836 tenore
1972 771 2010 835 ut
2032 763 2109 840 ahto
2131 727 2221 840 tem-

804 915 883 984 pore
906 911 964 962 nos
987 898 1020 960 et
1041 887 1354 961 heredibus'nostrie
1376 908 1475 981 super
1488 885 1610 958 ibidem
1629 885 1752 960 abitare
1775 896 1810 962 ot
1831 889 1973 962 residere
1998 889 2171 966 debeamus
2188 905 2222 965 et

807 1018 891 1088 hene
906 1025 941 1088 ot
953 1012 1122 1108 diligenter
1137 1011 1283 1083 hvoraro
1299 1021 1332 1082 et
1345 1010 1495 1084 excolere
1510 1020 1590 1082 etat
1604 1012 1739 1087 meliore
1756 1015 1881 1090 ruitum
1903 1018 2081 1114 perdnoere
2096 1021 2223 1099 deher-

802 1163 877 1214 mus
891 1161 968 1215 eum
980 1137 1074 1210 horis
1088 1137 1205 1208 noemia
1220 1145 1253 1206 et
1268 1133 1482 1206 ooneiaturias
1495 1135 1549 1206 vet
1562 1135 1673 1207 omnia
1687 1159 1828 1232 expensa
1851 1143 2060 1216 caucummu
2082 1157 2116 1220 et
2137 1147 2222 1220 bites

796 1265 923 1339 ibidem
937 1263 1026 1336 omni
1035 1281 1141 1332 annno
1155 1281 1276 1354 ponere
1291 1267 1324 1330 et
1332 1257 1475 1354 plantare
1489 1258 1662 1334 debeamus
1675 1259 1733 1344 ubi
1741 1261 1878 1354 necessit
1891 1265 1992 1338 fueris
2006 1273 2217 1342 etmeroeris:

795 1413 855 1462 seu
869 1383 1024 1458 ahahiare
1040 1391 1193 1478 etpotare
1209 1392 1243 1455 et
1256 1383 1472 1478 propaginare
1487 1394 1520 1458 et
1535 1407 1661 1459 ramere
1677 1396 1711 1458 et
1724 1407 1800 1482 sepa
1813 1389 2028 1484 propaginare
2040 1401 2073 1464 et
2084 1415 2221 1470 roncare

800 1511 973 1587 debeamus
995 1517 1028 1582 at
1049 1506 1143 1582 omni
1164 1517 1279 1579 noetio
1301 1507 1499 1604 expendium
1520 1519 1554 1582 et
1575 1512 1808 1608 quodcumque
1842 1513 1937 1588 nohis
1964 1517 2115 1592 domum
2143 1521 2222 1594 deus

802 1637 929 1712 dederis
950 1633 1163 1724 omniannuo
1175 1633 1300 1708 hictum
1313 1642 1347 1708 et
1358 1634 1473 1708 binum
1487 1635 1645 1710 mundum
1659 1647 1693 1712 et
1707 1660 1917 1736 erempennm
1940 1654 2020 1716 tune
2040 1645 2223 1722 dividamus

804 1763 879 1836 illut
899 1763 984 1836 inter
1006 1759 1100 1833 nohis
1122 1781 1184 1855 pro
1206 1759 1377 1833 medietate
1400 1781 1461 1832 vos
1493 1768 1527 1830 et
1548 1765 1687 1857 posteris
1708 1765 1826 1839 vestris
1847 1767 2020 1842 medietate
2045 1780 2079 1843 et
2106 1793 2167 1844 nos
2188 1783 2223 1844 et

803 1885 977 1963 heredibus
999 1885 1118 1960 nosbis
1140 1883 1289 1958 similiter
1311 1885 1375 1959 alia
1397 1885 1586 1960 medietatea
1611 1895 1645 1960 et
1667 1889 1737 1984 ipsa
1759 1890 1929 1965 medietate
1950 1901 2057 1966 restra
2079 1896 2138 1991 qui
2161 1918 2220 1970 noe

804 2029 839 2092 et
851 2017 988 2116 posteris
999 2015 1118 2090 nostris
1127 2016 1244 2089 exinde
1252 2014 1396 2110 tetigeris
1404 2017 1445 2090 de
1452 2025 1667 2092 memoratum
1678 2016 1793 2092 riuum
1806 2019 1965 2092 mnndum
1973 2029 2007 2092 et
2016 2042 2225 2116 saeeapannae
2299 1987 2305 1998 ¹

806 2151 840 2218 et
861 2151 1078 2216 memoratum
1091 2139 1215 2212 hictum
1229 2161 1288 2214 ros
1302 2139 1397 2213 vohis
1410 2139 1485 2214 illut
1506 2149 1612 2214 traere
1633 2140 1775 2216 debeatis
1797 2144 1965 2240 quomedo
1986 2147 2173 2242 potueritis:
2189 2160 2223 2222 et

804 2268 1098 2344 emetiendum
1120 2265 1239 2340 nosbis
1259 2265 1333 2340 illut
1346 2265 1554 2340 vendemiare
1575 2266 1749 2342 debeamus
1765 2278 1798 2344 et
1808 2277 1930 2343 metere
1944 2281 1977 2343 at
1995 2274 2085 2346 omni
2108 2284 2220 2348 nostre

804 2396 1003 2494 expendium
1024 2401 1170 2488 excepto
1200 2387 1317 2466 ainaim
1355 2402 1389 2464 at
1411 2391 1589 2468 birendum
1612 2401 1645 2466 at
1666 2394 1745 2490 ipaia
1768 2397 1925 2492 operariis
1957 2419 2018 2494 pro
2045 2395 2224 2476 hindemiaa

805 2521 988 2594 eomuniter
1013 2517 1128 2592 demus
1151 2514 1282 2590 bituria
1305 2537 1387 2590 rere
1409 2518 1591 2594 eomuniter
1613 2519 1799 2617 pargiemus
1814 2529 1848 2592 et
1860 2541 1920 2617 per
1941 2521 2119 2598 vindemias
2141 2523 2219 2600 duas

802 2645 948 2743 personis
968 2649 1074 2718 rostra
1096 2640 1224 2714 nutrire
1238 2637 1413 2716 debeumm
1429 2643 1597 2740 quemodo
1617 2647 1745 2742 justum
1758 2644 1878 2718 suerint
1900 2653 1934 2718 et
1956 2667 2015 2742 per
2037 2656 2138 2721 estate
2159 2671 2222 2723 una

807 2777 974 2873 personis:
1004 2783 1038 2848 et
1069 2772 1140 2870 ipso
1170 2771 1320 2848 fiaohines
1350 2773 1486 2868 stipsis
1516 2774 1674 2870 operariis
1705 2775 1888 2848 oemuniter
1916 2775 2030 2850 demus
2061 2779 2225 2874 quemme

809 2905 925 2980 feeerit
946 2911 1034 2978 totus
1055 2902 1125 2999 ipse
1147 2899 1222 2974 loeo
1244 2921 1320 2974 eum
1342 2901 1549 2997 portionariis
1571 2902 1667 2976 suis:-
1680 2899 1722 2975 de
1743 2901 1853 2998 ipsum
1874 2903 2013 2978 tondum
2036 2905 2123 2978 stetit
2139 2905 2225 2979 inter

721 3027 724 3044 '
806 3029 901 3104 nohis
922 3037 961 3101 ut
982 3047 1043 3100 nos
1064 3035 1098 3100 et
1113 3023 1286 3100 heredibus
1308 3025 1427 3099 nostris
1449 3023 1544 3098 robis
1556 3023 1757 3123 renueret
1781 3025 1918 3122 posteris
1940 3035 1974 3099 et
1987 3027 2023 3100 in
2044 3039 2225 3102 memorato

746 3129 749 3144 ¹
807 3164 916 3230 saneto
934 3163 967 3230 et
983 3153 1161 3229 venerabili
1174 3161 1284 3229 vestro
1299 3151 1495 3226 monasterio
1511 3151 1589 3226 dare
1603 3162 1636 3226 et
1650 3155 1802 3228 atdoeere
1817 3151 1990 3229 debeamus
2006 3157 2101 3229 omui
2115 3173 2222 3230 rnnue

807 3285 1051 3382 perfeetiritete
1065 3283 1167 3356 suncti
1181 3281 1352 3356 sebastiani
1374 3281 1440 3355 hoe
1462 3289 1511 3358 est
1532 3282 1647 3356 tortini
1669 3283 1784 3358 mundi
1814 3281 1895 3358 honi
1918 3285 2064 3382 qrn'nqm
2093 3297 2127 3360 et
2157 3307 2222 3358 nna

807 3410 928 3505 gabino
949 3409 1036 3482 bona
1059 3407 1129 3482 sine
1150 3407 1241 3480 omni
1261 3407 1507 3480 amaricatione:
1530 3407 1571 3481 de
1593 3407 1661 3502 ipsa
1683 3411 1827 3483 huetora
1850 3411 1937 3481 stetit
1960 3411 2044 3481 inter
2066 3411 2161 3483 nohis
2183 3419 2221 3483 ut

808 3539 901 3610 omui
925 3557 1031 3608 annue
1046 3533 1118 3610 iilos
1131 3531 1315 3610 dividuum
1334 3533 1528 3616 inteinohie
1543 3553 1602 3630 per
1617 3508 1789 3605 medietate
1811 3553 1871 3607 ros
1893 3541 1927 3606 et
1949 3533 2086 3630 posteris
2106 3535 2220 3609 restris

811 3664 982 3738 medietate
998 3673 1032 3736 et
1044 3683 1103 3736 nes
1115 3669 1148 3736 et
1165 3659 1335 3738 heredibus
1349 3659 1468 3734 nostris
1487 3658 1633 3735 similiter
1644 3658 1705 3732 alia
1715 3657 1901 3733 medietates
1917 3659 2033 3754 etipsa
2049 3660 2220 3735 medietate

759 3783 760 3790 ἵ
810 3801 918 3864 vestra
941 3790 1000 3888 qui
1032 3813 1091 3866 voe
1119 3799 1152 3865 ei
1178 3790 1317 3888 postoris
1347 3789 1462 3862 restria
1492 3785 1610 3860 exinde
1632 3786 1775 3882 tetigerit
1798 3807 1859 3860 vos
1890 3769 1983 3860 vohis
2013 3787 2087 3862 illut
2118 3795 2224 3860 tmere

807 3919 950 3992 debeatis
971 3919 1136 4016 momodo
1157 3917 1344 4015 potueritis:
1367 3923 1400 3985 et
1420 3933 1488 3986 non
1510 3913 1631 3986 abeatis
1653 3911 1782 3986 lieentia
1803 3935 1864 3987 ros
1887 3921 1921 3985 et
1943 3914 2079 4009 posteris
2101 3914 2223 3986 vestris

806 4048 899 4120 uobis
916 4049 1098 4144 nostrisque
1120 4046 1293 4121 heredibus
1315 4043 1388 4116 ilios
1419 4041 1533 4114 tollere
1563 4063 1622 4136 per
1653 4041 1780 4116 nohum
1811 4043 1946 4116 modum
1978 4041 2089 4116 dautes
2120 4053 2153 4114 et
2187 4053 2221 4113 at

799 4171 973 4267 ¹implentes
994 4173 1084 4244 omui
1112 4195 1218 4245 annue
1241 4169 1394 4244 omnihus
1416 4167 1602 4243 memoretis
1626 4177 1663 4240 ut
1686 4189 1784 4260 super
1815 4165 1935 4261 legitur
1966 4173 2108 4239 emente
2139 4189 2220 4238 vero

807 4301 1022 4372 communiter
1045 4301 1177 4375 mmm:
1195 4307 1228 4368 et
1241 4297 1331 4369 omui
1347 4317 1454 4368 annue
1468 4294 1562 4368 nebia
1577 4297 1652 4368 dare
1666 4294 1807 4368 debeatis
1822 4293 1967 4366 medium
1982 4291 2131 4364 arborem
2145 4291 2222 4387 ple-

806 4449 886 4502 num
908 4451 968 4524 per
990 4425 1168 4502 biudemias
1191 4439 1264 4501 ente
1287 4435 1389 4500 sortes
1412 4425 1489 4523 quia
1502 4425 1547 4498 ita
1570 4425 1663 4498 nohis
1686 4423 1794 4496 stetit:
1819 4423 1848 4494 ai
1871 4431 1981 4496 autem
2002 4443 2062 4494 nos
2085 4429 2142 4492 aut
2164 4421 2225 4492 he·

805 4553 935 4626 redihus
950 4555 1066 4625 nostrie
1082 4549 1175 4624 aliter
1190 4552 1360 4627 fecerimus
1383 4553 1423 4625 de
1438 4549 1490 4623 his
1509 4551 1661 4624 omnihus
1675 4547 1861 4621 memoratis
1875 4569 1934 4642 per
1949 4544 2068 4643 quohie
2088 4545 2223 4617 modum

808 4686 863 4748 eut
885 4678 1061 4752 summissis
1084 4679 1228 4776 personis
1251 4687 1329 4750 trino
1353 4677 1577 4773 oomponimue
1599 4673 1692 4747 vohis
1716 4671 1894 4766 rostrisque
1916 4669 2056 4764 posteris
2079 4669 2153 4742 auri
2169 4686 2222 4741 so·

804 4803 886 4876 lidos
905 4803 1020 4899 viginti
1034 4805 1235 4904 bythienteos
1251 4813 1332 4881 etee
1348 4803 1492 4878 chartula
1504 4797 1774 4895 promissionheit
1788 4797 1881 4870 drma
1895 4796 2016 4892 scripta
2032 4817 2091 4894 per
2107 4817 2221 4870 manus
