4882 6534
900 524 1044 626 (sto)

259 711 358 766 mann
380 695 446 766 tua.
469 691 501 756 et
524 683 599 758 inde
622 705 685 780 ego
707 685 869 760 mosomo
889 689 1123 762 monasterinm
1137 700 1323 768 comtrtaere
1339 705 1373 770 et
1389 705 1480 772 ectus
1502 707 1676 780 monache·

257 835 333 888 rum
354 811 578 888 tamulantium
601 813 663 886 deo
685 809 805 884 ibidem
828 811 1008 886 coadunare
1030 822 1064 885 ct
1086 837 1274 892 concessum
1297 821 1380 894 cello
1402 847 1479 898 caan
1503 826 1590 904 illius
1612 853 1676 906 ne-

257 943 392 1018 cessaria
420 943 455 1014 in
485 943 554 1038 ipsa
584 941 698 1014 eadem
730 941 876 1037 gentium
905 963 962 1017 seu
993 941 1070 1016 illuc
1094 945 1270 1042 umenique
1293 949 1414 1024 ibidem
1437 953 1676 1032 adbentantium

255 1091 409 1168 peremne
431 1068 570 1143 subsidit
593 1067 664 1163 ipso
687 1069 829 1165 predicta
853 1071 1032 1146 medietate.
1057 1073 1181 1167 etipsa
1205 1088 1318 1172 quarta
1336 1089 1425 1174 parte
1442 1082 1482 1154 de
1498 1084 1566 1178 ipsa
1589 1086 1674 1159 bec-

256 1198 352 1272 clcsia
374 1221 451 1272 cnm
480 1197 570 1271 omni
593 1198 707 1273 ordina
730 1211 887 1296 quantum
908 1203 991 1274 intra
1013 1223 1048 1276 se
1066 1205 1160 1280 abet:
1187 1206 1222 1278 in
1237 1207 1399 1302 integrum
1423 1211 1589 1306 quomodo
1612 1237 1674 1286 su-

255 1347 313 1421 par
333 1324 490 1418 scriptam
507 1334 555 1398 eat
570 1345 628 1418 per
643 1333 764 1396 cartam
780 1325 961 1398 donationis
975 1347 1032 1398 sen
1047 1329 1259 1402 concessionis
1273 1332 1341 1404 Nos
1356 1330 1510 1406 iohannes
1526 1343 1559 1406 et
1574 1339 1674 1432 gusi-

255 1451 378 1526 mundo
393 1450 599 1522 comedimus
621 1451 681 1522 tibi
702 1449 835 1522 domino
852 1473 928 1524 uno
950 1451 1143 1524 venerabilis
1167 1453 1288 1527 hebbae
1303 1467 1336 1526 et
1358 1459 1398 1528 ad
1414 1459 1478 1532 tuis
1500 1481 1671 1536 successo-

255 1577 345 1650 ribos
368 1581 400 1646 et
414 1574 663 1670 posterioribus:
689 1581 762 1646 ente
775 1573 934 1669 presentia
949 1574 1090 1648 iohanne
1105 1575 1210 1648 iudice
1225 1587 1259 1649 et
1275 1581 1410 1651 notario.
1428 1593 1460 1656 et
1475 1585 1673 1680 subscriptos.

255 1709 369 1776 cete:
407 1701 442 1774 ln
474 1700 670 1794 peremniter
692 1719 862 1772 mansurus
885 1699 923 1769 ln
945 1719 984 1770 ea
1006 1695 1156 1776 videlicet
1178 1699 1312 1774 ratione.
1337 1701 1427 1773 Sicut
1449 1704 1583 1778 domino
1606 1705 1671 1778 liu-

253 1826 457 1924 pseudorex
481 1827 643 1900 in-cdicto
674 1825 946 1922 langobardorum
969 1823 1129 1899 mutauit:
1159 1825 1224 1912 Qui
1247 1825 1283 1898 in
1305 1826 1439 1899 ecelesia
1462 1837 1518 1901 aut
1541 1829 1576 1902 in
1600 1831 1672 1903 loco

253 1969 441 2032 sanctorum
473 1966 528 2028 aut
556 1956 590 2027 in
622 1955 820 2029 sinodochia.
848 1979 909 2050 pro
930 1955 1037 2031 anima
1060 1977 1117 2024 sua
1140 1954 1271 2050 aliquod
1303 1959 1531 2054 quodcumque
1561 1961 1671 2034 dona.

251 2089 339 2162 verit
362 2087 478 2160 stabile
501 2069 622 2158 debead
645 2106 834 2177 permanere
857 2090 890 2154 et
913 2085 991 2177 quia
1013 2059 1140 2155 donnus
1163 2083 1289 2156 carolos
1315 2107 1376 2156 rex
1398 2085 1433 2156 in
1448 2108 1508 2158 sno
1532 2087 1671 2181 capitulo

250 2212 353 2287 affixit
377 2211 412 2283 Si
436 2211 509 2305 quis
532 2207 748 2302 langobardus
783 2207 963 2302 recogitans
992 2227 1060 2300 pro
1092 2205 1192 2278 salute
1215 2206 1320 2279 anime
1342 2229 1399 2280 sue
1420 2209 1463 2279 de
1484 2209 1582 2280 rebus
1604 2211 1671 2280 suis

250 2338 408 2410 weuram
431 2331 613 2404 donationis
635 2331 769 2400 cuilibet
790 2334 897 2402 lacere
929 2333 1068 2404 voluerit
1102 2332 1248 2405 absolute
1267 2334 1370 2406 laciad
1393 2335 1614 2431 unusquisque
1629 2336 1670 2406 de

251 2459 349 2534 rebus
373 2457 441 2528 suis
463 2457 552 2550 quod
574 2451 681 2525 voluit
704 2459 736 2524 et
758 2451 888 2524 noberit
912 2455 982 2522 Heu
1006 2453 1115 2522 omnia
1139 2454 1222 2524 sicut
1244 2479 1341 2548 super
1356 2457 1486 2550 legitur.
1511 2462 1604 2532 Unde
1620 2483 1671 2532 se-

253 2581 397 2654 cundum
419 2581 508 2675 loges
531 2577 723 2652 donavimus
746 2595 806 2648 ros
827 2573 975 2668 predicto
1008 2562 1141 2646 dominc
1173 2599 1248 2648 azzo
1279 2580 1471 2654 venerabilis
1494 2581 1613 2652 babbas
1637 2593 1669 2654 et

250 2705 455 2804 posterisque
478 2699 717 2774 suecessoribus
740 2699 807 2770 tuis
837 2691 899 2792 pro
922 2696 1026 2768 salute
1056 2707 1090 2766 ct
1121 2695 1295 2771 sulbatione
1323 2699 1430 2771 anime
1461 2711 1570 2773 nostre
1602 2725 1671 2774 no·

249 2843 455 2926 atrorumquc
477 2837 648 2924 parentum
672 2838 709 2900 ut
731 2826 825 2901 nobis
848 2825 999 2899 dontinus
1023 2827 1132 2901 ihesus
1155 2825 1292 2898 cbristus
1316 2826 1445 2898 venians
1466 2828 1508 2899 de
1532 2831 1669 2923 pecmtis

249 2963 367 3034 nostru
389 2958 532 3052 tribuere
556 2958 708 3050 dignetur
731 2964 769 3026 ut
787 2979 867 3029 cnm
891 2937 1017 3028 venerit
1039 2953 1108 3029 dies
1127 2955 1215 3028 illiue
1238 2955 1362 3028 iudicii.
1389 2958 1536 3030 Mercede
1561 2981 1579 3026 a
1604 2957 1671 3028 do-

249 3087 339 3159 nnino
362 3087 505 3180 accipere
528 3105 728 3158 mereamur:
755 3085 793 3155 ln
816 3103 889 3154 eam
911 3078 1061 3155 videlicet
1083 3083 1241 3154 rationem
1264 3085 1481 3156 consensimus
1503 3083 1562 3155 tibi
1586 3107 1667 3180 pre-

250 3213 337 3284 dicto
359 3210 493 3282 domino
515 3229 592 3280 anae
615 3207 806 3280 venerabilis
824 3206 944 3278 babbas
969 3218 1002 3278 ct
1030 3207 1071 3278 ad
1096 3208 1161 3278 tuis
1188 3209 1424 3280 successoribus
1447 3209 1556 3302 ipsum
1579 3211 1671 3282 iam-
1737 3181 1740 3188 ⁸

249 3340 371 3414 dictum
393 3337 610 3412 venerabilem
633 3335 743 3412 locum
765 3336 850 3410 beati
872 3336 992 3410 nioolai
1023 3347 1056 3408 ot
1088 3335 1231 3430 predicta
1254 3346 1344 3408 orta:
1370 3350 1406 3409 ut
1429 3319 1571 3410 babeatis
1596 3363 1668 3412 eam
1801 3357 1804 3364 ⁴

248 3469 437 3559 potestatem
469 3462 506 3531 ln
540 3460 720 3553 requietrte
752 3482 791 3530 ac
822 3459 954 3553 pacilica
984 3457 1026 3528 ab
1045 3459 1178 3530 odierna
1202 3458 1254 3530 dis
1277 3468 1311 3529 et
1333 3459 1493 3555 deinceps.
1527 3463 1607 3534 'lam
1631 3473 1668 3534 tu

249 3591 309 3684 qui
340 3593 376 3662 in
407 3589 563 3682 presentis
593 3597 641 3658 est
670 3588 778 3672 Quen
809 3594 843 3657 et
866 3585 915 3654 illi
938 3586 996 3680 qni
1020 3587 1151 3658 benturi
1173 3595 1248 3656 sumt
1272 3585 1385 3658 famuli
1408 3589 1520 3660 obsisti
1543 3589 1664 3684 absqu'e

250 3718 319 3789 ulla
351 3715 574 3786 contrarietate
605 3715 672 3785 Seu
702 3707 925 3784 molestatione
957 3711 1010 3780 vol
1041 3709 1211 3784 minuitate
1243 3711 1283 3782 dc
1307 3733 1366 3784 nos
1390 3713 1443 3784 vel
1465 3707 1507 3784 de
1529 3713 1671 3786 ancdum·

252 3850 439 3912 nostrorum
461 3837 525 3908 Seu
548 3857 651 3932 genus
675 3835 728 3906 vel
748 3843 919 3929 perentam
938 3841 1123 3906 nostrorum
1146 3835 1184 3906 ln
1207 3835 1447 3930 sempiternum.
1471 3837 1512 3906 llt
1535 3859 1602 3908 non
1625 3837 1667 3908 sit

253 3966 394 4042 subiecta
418 3965 478 4036 sub
501 3965 571 4036 eliis
594 3967 662 4060 ipsa
686 3961 802 4058 quoru
825 3963 893 4032 Ni'si
912 3963 982 4032 solo
987 4007 1094 4030 .....
1158 4009 1167 4028 .
1182 3963 1299 4032 .sancti
1320 3962 1375 4033 cui
1390 3961 1499 4032 omnia
1521 3959 1665 4033 urbiecta

253 4101 327 4164 sunt
358 4099 392 4160 ct
423 4087 532 4162 nullus
555 4088 636 4160 alius
661 4089 783 4160 ibidem
808 4088 969 4160 donentur
1004 4077 1067 4160 tel
1087 4083 1271 4156 iudicentur
1300 4083 1356 4155 Set
1382 4103 1443 4180 pro
1467 4083 1666 4164 redemtione

255 4222 361 4292 anime
384 4227 494 4290 nostre
516 4226 766 4308 nostrorumque
782 4207 965 4310 ‘parentum
988 4213 1056 4306 ipsa
1079 4203 1244 4283 cunm
1267 4223 1375 4284 nostra
1399 4203 1483 4286 latete
1515 4233 1552 4282 ac
1582 4214 1664 4286 reli·

252 4345 342 4436 giose
367 4337 605 4414 consenvsberlt
627 4337 833 4433 Quapropter
861 4335 972 4407 medos
990 4345 1132 4420 nostrus„
1143 4333 1303 4406 disuictos
1318 4343 1351 4406 et
1364 4335 1535 4411 statuimtu
1547 4346 1583 4407 et
1596 4347 1664 4416 ter-

252 4465 389 4540 ribiliter
413 4465 773 4558 auunmuspertuna
787 4481 825 4533 ac
846 4457 932 4532 uim
951 4467 1111 4560 magestas
1131 4467 1166 4530 et
1188 4476 1300 4530 omncs
1324 4457 1441 4531 (bonos
1463 4457 1664 4552 Angelorum

252 4597 357 4691 adque
379 4595 517 4668 ninutas
539 4591 682 4664 celorum
706 4601 738 4662 et
760 4613 820 4686 pcr
841 4589 956 4662 omnes
978 4589 1173 4686 patriarchas
1188 4600 1222 4661 et
1236 4587 1420 4684 propbetas.
1446 4596 1478 4658 ct
1501 4585 1662 4682 apostolos

250 4723 399 4796 Marones
413 4721 610 4794 eonteuores
623 4729 656 4793 et
670 4717 870 4816 virgineum
883 4737 995 4810 omues
1009 4727 1193 4792 cunctorum
1204 4719 1309 4814 adque
1319 4727 1501 4790 sancurum
1515 4713 1593 4788 eins.
1606 4716 1664 4812 qui

253 4853 285 4922 ei
307 4851 495 4945 placuerunt
519 4850 559 4921 ab
582 4851 677 4924 initio
700 4851 821 4924 mundi.
846 4861 882 4922 ut
905 4839 1013 4944 ipsum
1028 4846 1243 4922 venerabilem
1267 4847 1377 4928 locum
1400 4837 1501 4921 uncti
1525 4841 1670 4920 nicholai
