4888 6528
1387 573 1532 671 (res)

741 751 842 824 nendi
864 753 897 821 et
919 741 1082 842 plantandi
1105 745 1263 838 quatenns
1285 737 1332 810 ibi
1358 735 1535 808 sufficerint
1552 740 1586 805 et
1604 741 1642 805 nt
1659 729 1784 808 iustum'
1810 737 1928 810 tuerit:
1953 747 1985 814 et
2001 745 2042 818 de
2058 753 2168 821 nostra

748 883 890 946 semente
912 895 969 942 eos
990 867 1169 941 seminandi
1190 863 1299 935 omnia
1328 871 1361 932 et
1387 863 1422 930 in
1453 857 1605 932 omnibns
1637 883 1769 956 queque
1805 861 1927 935 ibidem
1959 893 2018 962 per
2046 895 2156 946 annno

750 1017 916 1069 necessum
938 994 1036 1063 tuerit
1057 1000 1090 1060 et
1112 973 1345 1082 indiguerimus
1367 1007 1426 1054 nos
1449 993 1482 1056 et
1505 982 1639 1055 heredes
1663 985 1782 1054 nostris
1806 974 1997 1080 ilintJacere
2011 1002 2044 1062 et
2059 1015 2162 1086 pera-

751 1142 828 1211 gere
850 1114 1023 1186 debeamus
1046 1121 1080 1183 rt
1100 1111 1191 1181 omni
1213 1117 1324 1180 nostro
1346 1106 1524 1202 expendio:
1549 1115 1582 1177 et
1597 1113 1823 1204 quotcumque
1839 1112 1931 1183 omni
1946 1135 2052 1186 annuo
2069 1119 2160 1189 nobis

750 1246 931 1338 nostrisque
953 1223 1126 1313 heredibus
1150 1237 1272 1309 ibidem
1295 1238 1374 1316 dens
1398 1236 1541 1308 dederit:
1568 1233 1603 1306 in
1626 1236 1775 1332 quolibet
1793 1241 1991 1314 seminatum
2008 1242 2042 1314 in
2057 1254 2165 1317 nostre

753 1373 934 1466 nostrisque
956 1367 1130 1441 heredibus
1153 1366 1217 1438 sint
1239 1372 1432 1460 potestatem
1455 1361 1682 1458 faciendique
1705 1365 1919 1442 voluerimus.
1937 1369 2026 1444 unde
2049 1373 2170 1446 nnlhm

752 1507 843 1594 parte
867 1506 903 1570 tu
926 1503 982 1566 aut
1005 1494 1140 1590 posteris
1163 1493 1227 1564 tuis
1245 1491 1337 1563 nobis
1354 1491 1537 1586 nostrisque
1551 1489 1723 1562 heredibus
1739 1493 1856 1564 exinde
1872 1499 2034 1592 queratis:
2058 1501 2171 1574 vinnm

753 1651 835 1708 sero
857 1633 1015 1720 quentum
1038 1621 1128 1694 omni
1152 1643 1259 1692 annno
1283 1620 1405 1691 ibidem
1429 1619 1507 1690 deus
1528 1619 1652 1690 dederit
1673 1623 1833 1693 mundum
1848 1635 2090 1721 etsaccepannu
2114 1655 2170 1724 per

750 1754 923 1827 sexuncias
946 1751 1029 1822 inter
1052 1749 1147 1820 nobis
1170 1747 1243 1817 ittut
1272 1746 1416 1818 dibidere
1440 1745 1625 1818 debeamus.
1641 1757 1677 1816 tu
1693 1757 1727 1818 et
1745 1737 1882 1842 pesteris
1908 1755 1972 1824 tuis
1986 1763 2020 1823 et
2044 1776 2168 1826 memo·

753 1889 825 1950 rata
849 1875 981 1947 ecclesie
1003 1872 1119 1945 exinde
1142 1871 1255 1942 tollere
1279 1869 1419 1942 debeatis
1444 1869 1635 1942 medietate:
1651 1877 1683 1939 et
1700 1893 1759 1940 nos
1775 1881 1810 1943 et
1822 1872 1959 1946 heredes
1974 1878 2089 1948 nostris
2107 1876 2171 1948 alia

756 2004 925 2077 medietate
948 2007 997 2068 set
1022 2019 1081 2098 nos
1105 2002 1137 2066 et
1159 1993 1292 2066 heredes
1316 1993 1434 2064 nostris
1459 1993 1532 2064 iilnt
1556 1993 1759 2066 vindemiare
1783 1995 1955 2068 debeamus
1971 2009 2003 2069 et
2018 2009 2167 2070 nostrum

753 2131 972 2226 expendium:
999 2127 1112 2200 riuum
1128 2147 1207 2198 vero
1222 2131 1255 2195 at
1268 2121 1446 2194 sibendun
1463 2133 1495 2192 et
1510 2119 1637 2192 lardum
1653 2131 1685 2190 et
1698 2123 1899 2196 condendum
1917 2127 1958 2197 ed
1973 2127 2074 2220 ipsius
2088 2151 2167 2224 ope-

757 2262 852 2332 rariis
874 2259 932 2354 qui
956 2257 1028 2328 illut
1049 2253 1299 2328 vindemiaberis
1322 2252 1362 2323 de
1377 2251 1508 2322 comuni
1522 2250 1639 2322 exinde
1654 2251 1742 2321 exire
1758 2250 1891 2323 debeas:
1918 2255 2068 2348 portione
2084 2281 2165 2329 vero

758 2394 865 2456 vestm
886 2382 945 2476 qui
968 2403 1026 2452 ros
1047 2379 1246 2472 posterisque
1268 2377 1382 2448 uestris
1405 2399 1448 2446 ex
1472 2377 1580 2469 ipsum
1603 2377 1717 2447 vinum
1742 2377 1902 2449 mundum
1924 2389 1958 2448 et
1972 2402 2170 2474 saccapenue

759 2509 925 2603 tetigerint
947 2515 985 2576 ut
1007 2529 1103 2597 super
1126 2503 1244 2596 legitur
1266 2481 1381 2573 vos'et
1394 2503 1529 2596 posteris
1547 2503 1659 2574 restris
1676 2503 1793 2573 exinde
1812 2503 1884 2574 illut
1900 2504 2029 2577 trahere
2052 2509 2171 2578 iacietis

759 2643 809 2706 set
832 2655 892 2704 nos
915 2631 1008 2704 vobis
1030 2630 1105 2700 illut
1127 2627 1317 2700 conserbare
1340 2629 1512 2700 debeamus
1540 2629 1583 2700 in'
1598 2630 1747 2722 organeis
1770 2631 1890 2702 nostris
1915 2655 2017 2729 usque
2047 2635 2080 2704 in
2110 2635 2174 2706 dies

760 2769 838 2830 tres.
864 2765 897 2828 et
920 2755 1115 2852 quandoque
1138 2777 1195 2846 per
1218 2766 1364 2846 tempore
1386 2776 1444 2826 ros
1469 2753 1522 2826 vel
1546 2755 1683 2848 posteris
1707 2755 1820 2829 vestris
1845 2756 1967 2831 ibidem
1999 2767 2032 2828 at
2060 2760 2164 2830 recet-

760 2883 928 2976 ligendum
950 2880 1102 2954 veneritis
1126 2889 1182 2950 aut
1203 2879 1385 2952 direxeritis
1408 2903 1466 2974 per
1490 2879 1558 2951 ibs'e
1582 2881 1746 2953 vindemia
1769 2881 1846 2952 dues
1870 2889 2026 2977 personus'
2040 2895 2162 2958 vestras

758 3019 796 3081 et
819 3008 976 3080 cebalinus
999 3031 1058 3080 nos
1081 3017 1113 3080 et
1135 3007 1269 3082 heredes
1292 3007 1409 3080 nostris
1433 3010 1557 3080 nutrire
1581 3010 1757 3082 debeamus
1782 3021 1819 3082 ut
1841 3011 1962 3084 iustum
1987 3013 2104 3085 tuerit:
2121 3024 2172 3085 set

760 3160 824 3234 ¹pro
846 3138 953 3230 ipsum
976 3137 1135 3210 caballum
1159 3136 1251 3208 vobis
1274 3137 1350 3208 dare
1374 3135 1547 3209 debeamus
1571 3139 1660 3209 omni
1684 3161 1792 3210 annuo
1817 3161 1873 3233 per
1906 3139 1974 3232 ipsa
2009 3139 2171 3210 vindemia

655 3258 662 3272 '
762 3263 899 3336 ordeum
921 3262 1067 3334 modium
1091 3283 1195 3332 unum
1219 3281 1319 3355 asqne
1353 3257 1442 3329 omni
1467 3259 1713 3330 amaricatione:
1744 3271 1778 3332 et
1807 3261 1989 3334 nullatenus
2013 3271 2173 3354 presumet

763 3399 801 3460 tu
824 3397 880 3460 aut
901 3389 1037 3483 posteris
1060 3387 1124 3459 tuis
1146 3385 1201 3458 vel
1223 3395 1400 3458 memorata
1423 3385 1558 3458 ecciesia
1581 3410 1641 3458 neo
1666 3388 1785 3460 abeatis
1809 3389 1973 3460 licentiam
1990 3389 2083 3461 nobis
2102 3411 2170 3460 no-

761 3517 899 3610 strisque
921 3514 1095 3588 heredibus
1119 3513 1191 3585 illas
1215 3513 1328 3586 tollere
1351 3537 1410 3608 per
1433 3513 1559 3586 nulium
1581 3515 1715 3586 modum
1743 3537 1823 3586 vene
1855 3525 1887 3586 et
1916 3516 2085 3608 diligenter
2108 3539 2168 3586 nos

760 3649 798 3713 et
819 3641 951 3712 heredes
974 3641 1098 3734 nostris,
1114 3663 1167 3712 eas
1189 3639 1369 3712 lavorrntes
1392 3647 1426 3710 et
1448 3641 1557 3711 omnia
1580 3649 1756 3712 memorata
1780 3637 1990 3734 adimplentes
2014 3651 2054 3711 nt
2072 3663 2169 3734 super

760 3765 888 3859 tegitur.
910 3771 947 3836 et
965 3764 1160 3860 quandoque
1183 3787 1243 3835 nos
1265 3772 1320 3838 eut
1341 3765 1475 3838 heredes
1498 3767 1614 3837 nostris
1649 3765 1706 3834 tibi
1738 3765 1864 3860 tuisque
1899 3765 2034 3859 posteris
2079 3777 2111 3836 et
2135 3767 2170 3834 in

765 3901 940 3962 memorate
959 3891 1094 3984 ecclesia
1118 3891 1186 3962 illus
1209 3891 1433 3962 abrenuntiare
1456 3889 1679 3963 voluerimus:
1714 3913 1790 3964 cnm
1813 3913 1924 3964 omnes
1948 3891 2019 3960 eius
2046 3890 2168 3960 mebo-

764 4019 886 4092 retione
909 4017 1068 4090 licentiam
1092 4017 1242 4090 abeamus
1272 4017 1401 4088 situnc
1424 4017 1496 4088 ittut
1518 4041 1600 4092 rene
1624 4021 1721 4091 tuerit
1744 4011 1945 4114 ¹arb-uststum
1969 4028 2001 4088 et
2032 4021 2167 4092 vitatum

732 4190 735 4198 ·
764 4153 803 4214 ut
825 4145 947 4216 iustum
969 4143 1090 4214 tuerit:
1114 4144 1200 4227 Quia
1221 4143 1265 4215 ita
1288 4143 1381 4214 nobis
1403 4143 1514 4214 stetit:
1538 4145 1565 4215 si
1589 4153 1696 4218 autem
1718 4153 1751 4214 et
1774 4145 1808 4216 in
1826 4144 1941 4239 eliquit
1957 4143 2074 4214 odensi
2090 4145 2165 4212 iue-

763 4267 866 4338 rimus
887 4290 946 4360 per
968 4269 1084 4364 quobis
1106 4270 1240 4340 modum
1273 4278 1331 4338 eut
1352 4269 1528 4341 summissis
1550 4271 1695 4364 personis
1718 4281 1795 4340 tunc
1818 4269 2042 4362 componimus
2065 4267 2162 4338 robis

763 4389 963 4484 posterisque
985 4392 1100 4462 restris
1124 4399 1157 4462 et
1180 4391 1215 4460 in
1240 4399 1415 4461 memorata
1438 4391 1572 4462 ecclesia
1595 4393 1666 4462 auri
1688 4391 1807 4462 solidos
1828 4393 1980 4463 tredecim
2004 4387 2156 4482 bythien·

765 4515 857 4588 theos
879 4525 913 4589 et
935 4540 972 4588 ec
994 4515 1137 4588 chartula
1161 4525 1198 4586 ut
1221 4539 1317 4610 super
1340 4515 1458 4610 legitur
1480 4515 1523 4586 sit
1546 4517 1637 4586 firma
1660 4516 1775 4609 scripta
1799 4541 1857 4611 per
1881 4537 1994 4586 manns
2014 4512 2170 4608 stephani

765 4641 923 4712 scriniarii
943 4641 1102 4734 discipulo
1125 4639 1250 4711 domini
1273 4639 1376 4713 leonis
1391 4637 1521 4712 curialis
1538 4639 1677 4712 scribere
1691 4648 1824 4732 rogatus
1840 4663 1897 4734 per
1913 4639 2085 4711 indictione
2100 4657 2170 4704 me-

767 4769 887 4832 morata
906 4763 1034 4832 decima
1056 4759 1087 4855 †
1109 4759 1171 4832 hoc
1194 4763 1322 4854 signum
1344 4760 1375 4852 †
1398 4781 1512 4832 manus
1536 4761 1706 4834 memorati
1729 4761 1893 4857 germanis
1917 4761 2008 4858 quod
2029 4781 2089 4855 eqo
2111 4761 2172 4856 qui

768 4863 961 4964 memoratos
983 4909 1044 4982 pro
1068 4887 1115 4962 eis
1138 4887 1313 4984 subscripsi
1336 4889 1368 4985 †
