4896 6522
341 1074 372 1176 †
396 1079 434 1152 lu
462 1075 597 1148 nomine
627 1073 754 1148 domini
776 1075 830 1146 dei
851 1076 1021 1150 salvatoris
1040 1081 1144 1152 nostri
1159 1081 1256 1156 lhesn
1278 1085 1397 1160 Christi
1413 1089 1592 1182 lmperantc
1607 1092 1666 1164 do-
1755 1083 1816 1152 An·

245 1207 339 1280 mino
361 1213 472 1314 nosue
493 1203 609 1276 basilio
632 1223 752 1298 magno
784 1203 980 1298 imperatore
1014 1229 1098 1278 anno
1131 1207 1401 1305 quinquagesimo
1423 1221 1534 1288 sexta„
1556 1217 1613 1290 sed
1635 1228 1668 1290 et
1742 1209 1848 1278 1016.

247 1330 452 1406 comtantino
474 1330 575 1414 lratcr
598 1329 667 1400 eius
694 1352 815 1422 magno
837 1330 1032 1425 imperatore
1064 1357 1151 1406 anno
1182 1338 1452 1433 quinquagesimo
1479 1341 1594 1414 tertio:
1616 1344 1667 1418 die

248 1454 485 1550 quintadecima
499 1453 618 1523 mensis
633 1454 771 1544 ianuarii
782 1453 957 1524 indictione
969 1459 1208 1546 quartadecima
1223 1463 1368 1553 neapoli:
1384 1463 1517 1538 Certum
1540 1477 1588 1540 est
1610 1492 1669 1540 nos

197 1557 204 1568 ¹
248 1583 450 1677 pancratium
468 1579 579 1652 umilis
592 1579 747 1674 igumeno
762 1579 946 1650 monasterii
970 1587 1155 1650 sanctorum
1177 1585 1276 1676 sergii
1299 1593 1332 1654 et
1355 1587 1480 1660 vachii:
1503 1593 1561 1685 qui
1584 1617 1670 1667 nunc

250 1717 463 1806 congregatus
485 1716 535 1782 cst
556 1707 592 1780 in
616 1707 810 1780 monasterio
832 1715 1018 1782 sanctorum
1039 1705 1188 1778 theodori
1211 1718 1244 1780 et
1266 1709 1435 1782 sebastiani
1469 1714 1529 1807 qui
1553 1719 1670 1810 appel.

249 1833 337 1906 latur
360 1833 516 1928 casapicta
538 1833 647 1908 situm
660 1832 696 1904 in
719 1831 942 1906 viridiarium:
966 1851 1131 1906 unacum
1154 1839 1250 1904 cunta
1273 1841 1380 1906 sancta
1404 1843 1512 1908 nosos
1528 1859 1670 1934 congre-

248 1963 340 2034 tione
363 1960 598 2036 monachorum
621 1962 792 2036 memorati
815 1961 918 2034 sancti
941 1967 974 2034 et
987 1959 1181 2033 venerabilis
1196 1963 1298 2034 nostri
1313 1965 1521 2038 monasterii:
1545 1965 1671 2064 Apra-

248 2087 333 2160 ssnti
355 2087 408 2160 die
431 2085 649 2186 promtissima
672 2085 837 2158 tolunote
861 2087 978 2158 offerre
1002 2093 1035 2156 ct
1057 2086 1222 2159 otlcrimus
1245 2103 1337 2181 atquc
1360 2091 1396 2160 ia
1410 2093 1564 2184 presentis
1587 2117 1671 2166 con-

249 2214 442 2290 tradidimus
465 2215 558 2324 vobis
581 2215 737 2310 stephano
760 2213 946 2308 primicerio
968 2223 1001 2284 et
1021 2221 1116 2306 petro
1139 2195 1377 2294 secundicerio:
1401 2239 1494 2290 scum
1517 2219 1672 2313 stephano

249 2345 440 2440 presbytero
463 2347 612 2418 sancitas
637 2353 670 2419 et
692 2342 849 2438 stephano
871 2343 913 2414 de
936 2343 1069 2434 caroppi
1091 2350 1125 2412 ct
1148 2345 1300 2446 gregorio
1324 2348 1486 2439 germanis
1509 2347 1670 2422 saucies:

251 2489 347 2540 seum
370 2468 525 2563 stephano
548 2469 589 2559 da
612 2467 739 2538 marino
762 2473 795 2536 ct
817 2472 909 2558 petro
933 2465 974 2536 de
996 2463 1092 2534 illum
1115 2487 1287 2539 monacum
1315 2477 1348 2542 ct
1370 2471 1524 2569 gregorio
1546 2493 1674 2564 pappa·

254 2587 353 2660 deum
377 2599 410 2660 et
433 2589 526 2661 leone
550 2590 609 2683 qui
631 2590 814 2662 nominatur
836 2587 912 2682 pipo
936 2595 970 2658 et
992 2585 1146 2680 stephano
1161 2587 1343 2682 syrrentino
1356 2599 1521 2684 quamque
1536 2591 1675 2667 iohanne

253 2713 313 2808 qui
336 2712 529 2784 nominatur·
545 2713 670 2790 berone
694 2721 727 2785 et
750 2737 837 2788 vono
860 2711 918 2808 qui
932 2710 1121 2783 nominatur
1143 2713 1183 2785 dc
1200 2713 1273 2784 iaco
1280 2761 1384 2784 .....
1414 2733 1506 2786 scum
1521 2715 1674 2811 stephano

254 2841 313 2938 qui
335 2844 522 2916 nominatur
539 2845 695 2941 drappalia
710 2845 831 2916 iterum
855 2839 1021 2914 stauritiss
1044 2839 1109 2910 hoc
1131 2849 1180 2912 cst
1195 2839 1381 2937 primicerio
1402 2849 1435 2912 ct
1456 2844 1675 2919 secundicerio

252 2989 344 3042 scum
367 2971 512 3042 stauritis
536 2971 670 3056 ecclesie
693 2968 795 3043 sancti
818 2965 965 3063 stephani
988 2966 1030 3037 ad
1053 2977 1183 3040 actone:
1219 2969 1302 3042 idcst
1325 2970 1449 3064 integra
1473 2993 1538 3042 una
1560 2969 1676 3044 clusu-

253 3093 368 3166 ricella
397 3105 508 3166 nostra
541 3095 624 3166 iuris
655 3093 828 3166 memorati
859 3091 976 3164 nosuis
1007 3093 1195 3164 monasterii
1226 3095 1267 3166 de
1291 3101 1377 3166 terra
1400 3093 1459 3188 qui
1493 3095 1677 3168 nominatur

260 3214 385 3288 biniola
402 3215 554 3308 positast
569 3190 746 3286 memorata
761 3223 938 3288 memorata
955 3213 1087 3288 ccclesia
1102 3216 1202 3288 sancti
1216 3215 1381 3311 stephan:
1404 3241 1468 3292 una
1486 3241 1563 3292 cum
1575 3239 1678 3292 arvo-

257 3337 349 3406 ribus
366 3344 399 3402 ct
412 3335 584 3404 introitum
599 3311 695 3406 suum
716 3344 748 3404 et
762 3335 912 3406 omnibus
929 3337 990 3408 sivi
1006 3338 1247 3430 pertinentibus.
1260 3341 1440 3414 Coherentc
1452 3343 1513 3415 sivi
1532 3365 1551 3410 a
1572 3344 1678 3436 prima

256 3469 345 3558 purte
360 3470 446 3531 terra
462 3471 639 3532 memorata
654 3461 787 3532 staurita
801 3462 925 3534 bostra:
953 3443 1147 3535 dascennda
1162 3473 1252 3557 parte
1271 3473 1355 3538 tarra
1370 3469 1556 3542 monasterii
1570 3477 1679 3542 sancte

255 3585 357 3660 marie
371 3583 430 3682 qui
446 3583 633 3654 nominatur
652 3593 686 3652 at
700 3581 754 3652 illa
768 3593 879 3654 turre:
898 3607 917 3652 a
932 3583 1025 3654 tertia
1037 3607 1119 3655 -vero
1133 3593 1223 3679 parte
1238 3595 1324 3658 terra
1339 3587 1498 3660 heredum
1514 3591 1677 3684 quondan

256 3709 389 3801 iohanni
412 3708 601 3804 presbytero
624 3707 683 3804 qui
705 3707 894 3780 nominatur
916 3707 1101 3779 marciano:
1129 3718 1162 3780 ct
1185 3732 1228 3780 ex
1251 3709 1315 3780 alia
1338 3719 1430 3804 parte
1453 3721 1539 3785 terra
1553 3733 1678 3786 memo-

254 3849 325 3912 rata
348 3837 483 3912 ecclesia
505 3837 606 3908 sanci
629 3836 775 3931 stephani
798 3836 858 3934 qui
881 3837 988 3908 estin
1010 3845 1166 3932 potestate
1199 3837 1238 3908 de
1262 3837 1440 3909 sacerdotes
1468 3839 1527 3932 qui
1559 3837 1679 3910 ibidem

254 3967 464 4044 officiaveris:
488 3969 537 4039 De
560 3989 626 4062 qua
649 3964 750 4038 nichil
773 3963 868 4037 nohis
891 3965 1009 4037 exinde
1035 3966 1168 4060 aliquod
1190 3964 1344 4036 remansit
1366 3974 1423 4034 aut
1442 3965 1679 4038 reservavimus

254 4117 320 4169 nec
343 4093 380 4164 in
403 4093 521 4166 alienas
544 4093 699 4190 cuiusque
721 4105 874 4186 personas
897 4091 985 4186 quod
1010 4089 1092 4162 absit
1114 4086 1334 4160 commisimus
1358 4099 1415 4160 aut
1438 4088 1505 4160 iam
1528 4089 1679 4161 commit-

254 4225 357 4296 timus
380 4226 594 4316 potestatem:
628 4239 678 4290 set
701 4243 721 4288 a
746 4219 888 4310 presenti
912 4219 965 4290 dic
987 4229 1021 4290 ct
1043 4218 1195 4312 deinceps
1222 4240 1241 4285 a
1264 4215 1358 4288 nobis
1381 4215 1474 4290 vobis
1497 4214 1540 4287 sit
1566 4213 1678 4290 datum

255 4361 292 4422 et
318 4349 474 4420 traditum
497 4347 532 4417 in
554 4353 661 4416 vestra
684 4351 717 4413 ct
740 4345 780 4415 de
803 4352 981 4414 memorata
1004 4345 1152 4416 stauritas
1167 4353 1275 4418 vestra
1290 4344 1333 4416 sit
1347 4352 1505 4439 potestate
1525 4343 1566 4416 ad
1581 4341 1679 4414 alsen-

256 4479 340 4550 dum
362 4475 438 4548 illut
460 4474 531 4568 ipsa
554 4471 701 4548 stauritas
724 4469 759 4540 in
782 4467 1037 4561 sempiternum:
1064 4477 1098 4540 et
1119 4491 1225 4566 neque
1242 4471 1369 4543 anobis
1392 4476 1571 4544 memorato
1593 4491 1680 4560 pan-

255 4601 341 4672 crati
365 4595 475 4670 nmilia
498 4595 687 4690 ignmmcno
709 4616 774 4664 una
798 4615 874 4662 cum
898 4599 995 4660 cunta
1016 4599 1194 4664 memorata
1218 4602 1326 4664 nostra
1342 4587 1590 4684 congregatione
1607 4609 1681 4660 mc·

256 4720 440 4794 nucleorum
463 4715 635 4818 memorati
658 4717 758 4788 sancti
781 4713 883 4787 nostri
916 4714 1112 4787 monasterii.
1140 4737 1247 4811 neque
1271 4741 1290 4788 a
1314 4714 1448 4810 posteris
1470 4712 1589 4784 nostris
1620 4735 1680 4786 nec

260 4873 280 4918 a
306 4845 400 4918 nobis
423 4843 569 4942 personis
592 4841 769 4914 rummesie
792 4839 886 4916 nullo
908 4847 1054 4936 tempore
1075 4856 1255 4937 numquam
1276 4858 1336 4911 vos
1358 4845 1537 4918 memorato
1558 4837 1681 4934 primi-

1283 4965 1301 5002 ὲ
