4940 6518
766 2031 768 2038 Α
893 1927 1056 2003 consur.

845 2163 969 2235 Christe
993 2166 1075 2235 iove.

252 2445 357 2610 †ls
390 2519 521 2585 nomine
552 2513 675 2587 domini
706 2515 759 2586 dei
789 2515 956 2586 salvareris
987 2515 1089 2586 nostri
1119 2514 1216 2588 ihesu
1248 2515 1366 2588 Christi
1398 2517 1576 2610 immronte
1608 2517 1667 2588 do-
1820 2599 1827 2615 .

252 2645 344 2714 mino
368 2653 477 2714 nostro
505 2642 619 2714 besilio
646 2663 764 2736 magno
792 2643 987 2738 Imperatore
1019 2663 1103 2714 enno
1134 2641 1380 2736 qusdsgesime
1411 2630 1518 2737 primo
1549 2647 1605 2716 sod
1635 2655 1668 2716 et

251 2767 450 2847 constentino
472 2791 590 2862 magno
614 2771 809 2864 imperatore
831 2791 919 2840 enno
947 2767 1111 2861 trigesimo
1134 2767 1291 2841 moeno:
1317 2767 1369 2842 die
1391 2771 1525 2864 septimo
1549 2773 1667 2844 mensis

250 2893 357 2985 aprilis
379 2895 553 2968 indirtione
576 2894 816 3000 quartodecimo
838 2892 980 2988 neapoli:
1006 2892 1137 2966 Certum
1162 2901 1210 2966 est
1223 2915 1283 2966 nos
1305 2896 1456 2990 gregorio
1479 2897 1665 2990 primicerio

248 3024 316 3094 iiiio
339 3025 502 3117 quondum
525 3022 672 3096 iohannis
693 3035 728 3096 et
751 3023 858 3117 sergio
881 3022 944 3094 hoo
967 3031 1016 3095 est
1038 3021 1176 3115 genitori
1198 3037 1229 3094 et
1250 3023 1318 3113 fiiis
1341 3033 1374 3097 et
1396 3023 1605 3096 shitatorihns
1630 3027 1664 3096 in

249 3151 365 3250 plegio
379 3152 481 3222 saneti
504 3150 695 3222 laurentiis
717 3149 857 3243 presenti
880 3149 931 3220 die
955 3145 1174 3239 promittimus
1197 3144 1257 3214 tibi
1291 3144 1458 3220 dominum
1484 3146 1666 3240 philippum

248 3272 427 3346 venerabili
450 3273 607 3364 igumeno
629 3271 814 3342 monosterii
836 3281 1022 3341 sanctorum
1051 3266 1150 3360 sergii
1173 3274 1205 3340 et
1231 3264 1325 3336 bechi
1348 3267 1407 3362 qui
1437 3289 1523 3338 nnne
1541 3291 1667 3360 oonpre-

248 3415 340 3492 qotus
362 3417 397 3466 es
416 3398 452 3466 r'n
466 3395 664 3468 monisterio
687 3403 872 3468 sanctornm
896 3393 1042 3466 theodori
1065 3405 1099 3464 et
1113 3394 1285 3464 sevostioni
1307 3394 1365 3489 qui
1390 3395 1570 3487 appellatur
1594 3417 1668 3466 ruse

243 3529 332 3618 pirro
342 3525 438 3596 deren
448 3521 486 3594 in
500 3521 701 3594 viridiarium
716 3531 750 3594 et
764 3529 796 3591 et
819 3527 949 3594 cuncus
968 3531 1073 3592 vestro
1089 3522 1336 3616 congregatione
1359 3521 1578 3612 mmodsorom
1595 3545 1665 3592 me·

248 3653 365 3724 moreti
387 3651 490 3724 saneti
512 3660 545 3721 et
567 3647 759 3724 venerabilis
782 3648 882 3720 vestri
904 3649 1090 3720 monosterii
1113 3658 1248 3742 proptor
1270 3645 1327 3722 'sex
1352 3649 1462 3720 uncias
1481 3650 1521 3720 de
1539 3649 1665 3742 integro

249 3793 333 3848 terro
354 3784 460 3847 restro
483 3773 563 3844 iuris
585 3771 756 3846 memorati
780 3771 881 3842 saneti
904 3780 937 3842 et
959 3771 1135 3844 venerabili
1158 3781 1267 3844 vestro
1286 3775 1482 3846 monasterio
1497 3795 1563 3842 una
1587 3795 1663 3846 eum

248 3927 307 3974 sex
327 3904 438 3974 nnoies
460 3903 501 3974 de
523 3902 687 3995 integrum
710 3921 862 3996 eampum
885 3909 919 3970 et
941 3923 1017 3972 enm
1040 3923 1100 3974 sex
1121 3901 1231 3972 uncins
1254 3902 1295 3972 de
1312 3902 1389 3974 elios
1405 3901 1504 3996 petios
1520 3901 1561 3972 de
1577 3910 1664 3972 terre

248 4028 378 4098 insimul
399 4027 502 4120 posits
524 4027 559 4098 in
581 4027 655 4098 loco
678 4025 736 4119 qui
760 4025 945 4096 nominetur
968 4027 1047 4098 ioris
1071 4026 1193 4120 griptos
1216 4026 1302 4098 undo
1325 4025 1402 4096 olias
1421 4046 1479 4096 sex
1494 4023 1605 4094 uncias
1620 4047 1665 4096 ex

248 4152 398 4223 omnihus
421 4151 607 4222 memoretis
623 4159 661 4221 ut
679 4131 775 4244 super
799 4149 920 4242 legitur
934 4149 1056 4224 detinet
1079 4149 1212 4244 quidam
1301 4213 1304 4220 .
1405 4148 1473 4220 filio
1497 4148 1663 4247 quondam

248 4281 333 4372 petri
358 4282 412 4354 eui
433 4298 531 4371 supro
555 4297 675 4350 nomen
707 4255 891 4370 egenorum
913 4299 973 4370 per
1008 4277 1184 4356 chartulam
1216 4276 1457 4373 promissionis:
1494 4297 1559 4348 uno
1591 4297 1667 4352 eum

247 4408 417 4482 erroribus
440 4401 614 4476 fructiferis
629 4411 663 4474 et
677 4425 753 4474 oum
769 4403 916 4476 introitus
930 4429 1004 4478 snas
1028 4415 1061 4478 et
1078 4407 1228 4482 omnibus
1249 4407 1311 4476 sivi
1334 4404 1566 4504 pertinentibus
1584 4427 1666 4500 quas

248 4553 328 4600 vero
341 4536 546 4606 memoratos
574 4549 633 4596 sex
655 4527 766 4598 uncias
790 4527 831 4596 de
854 4539 1069 4600 memoratum
1099 4531 1236 4602 {irndum
1259 4553 1324 4601 une
1357 4552 1433 4602 urm
1473 4535 1666 4602 memoratos

251 4678 311 4726 sex
337 4653 449 4726 uncins
473 4651 513 4722 de
536 4657 752 4722 memoratum
776 4669 944 4744 eampum:
967 4661 998 4720 et
1012 4673 1087 4722 cum
1103 4675 1160 4724 sex
1175 4655 1287 4724 uncias
1314 4656 1354 4728 de
1369 4661 1560 4726 memoratos
1588 4650 1666 4722 elios

247 4782 351 4876 petius
374 4781 414 4854 de
437 4789 632 4851 memoratos
657 4789 741 4852 terre
754 4785 792 4850 ut
814 4802 911 4874 super
928 4777 1048 4874 iegitur
1068 4781 1160 4856 nobis
1175 4781 1356 4878 nostrisque
1382 4777 1551 4854 heredibus
1575 4777 1666 4851 dedi·

358 4907 421 4976 Vei.
447 4905 470 4976 1
472 4905 505 4976 V.
786 4925 789 4933 ’
1288 4923 1303 4978 1
