4888 6528
1391 560 1537 656 (182)

1360 837 1581 914 CCCXXVIII.

611 1097 681 1166 AB·
851 1111 1079 1210 †In·nomIne
1092 1106 1216 1182 domini
1231 1103 1285 1180 dei
1298 1103 1465 1178 salvatoris
1480 1101 1585 1178 nostri
1598 1101 1694 1178 theu
1710 1101 2027 1205 OEridemperants
2042 1114 2177 1192 domino

597 1227 705 1290 ¹⁰²⁵·
756 1249 867 1320 nostm
881 1239 997 1314 basilio
1012 1253 1131 1332 magno
1145 1237 1341 1330 Imperatore
1364 1254 1449 1306 anuo
1466 1232 1668 1328 sexagedmo
1683 1233 1822 1330 quintos
1842 1237 1905 1311 sed
1919 1247 1953 1311 et
1976 1244 2177 1316 eomhntiuu

755 1369 946 1447 naerens
967 1387 1091 1460 magno
1114 1361 1309 1459 inperatore
1333 1385 1420 1434 auno
1442 1361 1644 1458 sexsgesimo
1666 1363 1827 1436 secundos
1859 1364 1915 1440 dio
1939 1367 2036 1440 tertia
2057 1371 2179 1446 mensis

757 1495 866 1594 aprilis
889 1494 1065 1567 indIutiouo
1081 1491 1196 1564 octaba
1213 1489 1364 1585 neapolit
1390 1471 1521 1563 (isdum
1539 1495 1588 1564 est
1603 1509 1663 1564 uos
1677 1489 1784 1564 cicino
1801 1480 2062 1586 qarinomimtnr
2076 1518 2171 1572 mtto

755 1627 824 1700 uuo
854 1623 1016 1722 quondam
1048 1617 1379 1714 nonnusquam
1408 1617 1571 1691 habitator
1600 1617 1644 1692 det
1673 1615 1748 1688 Inoo
1776 1618 1835 1715 qui
1858 1621 1999 1698 vocatur
2020 1625 2175 1719 aronpin·

628 1839 629 1842 ,
758 1769 849 1828 tuan:
882 1761 915 1828 et
946 1744 1115 1848 'gregorius
1145 1748 1206 1842 qui
1240 1745 1428 1820 nominatur
1458 1745 1654 1842 npuhurria
1679 1753 1789 1818 sauote
1811 1745 2016 1843 neapolitano
2040 1750 2173 1826 ecolesis

757 1884 825 1959 sno
850 1883 1015 1978 quonum
1037 1861 1125 1954 nont
1148 1879 1213 1952 noe
1235 1883 1284 1950 et
1306 1871 1605 1970 mgnaosnsnnr
1621 1871 1746 1946 inIoeo
1761 1849 1820 1972 qn
1836 1884 1973 1950 vontus
1986 1878 2057 1950 ean
2073 1901 2173 1954 aare.

757 2011 858 2105 ipsius
883 2005 1085 2102 nespoIitaue
1108 1987 1262 2076 eoelesiei
1293 1981 1487 2095 druesenti
1511 1998 1563 2072 die
1586 1997 1805 2094 promtissima
1827 1999 2003 2075 volumtate
2026 2001 2172 2097 promit·

760 2155 834 2208 mus
857 2134 952 2206 robis
976 2121 1110 2206 domino
1133 2115 1288 2226 gregorio
1303 2125 1651 2222 venerabili'igmueno
1670 2127 1855 2201 monosterii
1870 2136 2054 2202 uncorum
2070 2128 2171 2227 sergii

758 2273 790 2333 et
813 2257 946 2342 bachii:
971 2259 1028 2355 qui
1053 2280 1141 2331 uano
1165 2263 1379 2353 congregatus
1410 2263 1460 2326 eat
1482 2255 1518 2326 in
1540 2253 1735 2326 monasterio
1757 2261 1941 2326 sauctorum
1962 2253 2114 2334 theodori
2137 2263 2172 2328 et

758 2383 928 2456 suasum
952 2383 1011 2477 qui
1035 2375 1214 2476 suntrana
1237 2379 1395 2473 espen
1417 2361 1516 2452 irum
1541 2378 1578 2451 n
1601 2377 1803 2474 suumin
1824 2384 1858 2450 et
1874 2385 1908 2450 u
1922 2385 2018 2452 euna
2033 2387 2122 2455 nna
2136 2389 2171 2454 et

756 2509 929 2582 reserabiIi
954 2519 1058 2580 vestra
1082 2505 1332 2601 congregatione
1346 2495 1593 2580 ¹monaeborum
1606 2505 1775 2579 memorati
1797 2503 1900 2576 saneti
1924 2513 1957 2580 et
1980 2503 2176 2579 venerabilis

755 2639 854 2709 vestri
870 2635 1053 2707 monostemi
1068 2659 1077 2706 ε
1095 2646 1229 2729 propter
1251 2635 1386 2731 integris
1407 2634 1503 2708 terris
1525 2634 1639 2706 vestris
1661 2631 1834 2706 muana
1857 2633 1959 2705 vestri
1982 2631 2168 2710 monosterii

755 2757 868 2853 positis
885 2779 982 2853 snper
998 2757 1119 2829 alibum
1135 2757 1169 2828 in
1186 2757 1257 2829 beo
1273 2759 1331 2853 qui
1355 2765 1490 2829 vocatur
1512 2765 1682 2851 paternum
1706 2755 1748 2828 ad
1769 2763 1916 2826 sanetum
1932 2763 2063 2848 petrum
2079 2753 2168 2850 qnod

760 2897 834 2958 sunt
856 2885 1063 2961 nominativis
1086 2885 1194 2980 primo
1217 2907 1333 2980 eampo
1356 2894 1466 2958 vestro
1489 2885 1550 2981 qui
1572 2883 1759 2956 nominatur
1782 2889 1816 2954 st
1837 2880 1893 2954 illa
1909 2877 2035 2952 emulus
2053 2889 2085 2950 et
2102 2879 2169 2981 alis

753 3014 838 3106 petia
862 3011 920 3106 qui
945 3011 1064 3082 dieitur
1089 3009 1130 3082 de
1152 3009 1286 3082 domino
1313 3009 1431 3082 andrea
1454 3019 1487 3083 et
1508 3009 1609 3082 alium
1632 3029 1783 3103 eampum
1809 3007 1950 3081 bestrum
1972 3007 2030 3103 qui
2052 3005 2167 3078 nomi·

757 3151 852 3209 natur
885 3148 918 3210 at
947 3137 1041 3210 iIIum'
1077 3136 1171 3213 sebee
1194 3145 1309 3233 quarta
1333 3159 1413 3210 vero
1437 3137 1521 3232 petia
1545 3137 1604 3232 qui
1627 3147 1676 3207 est
1698 3134 1850 3208 eoniunta
1873 3159 1892 3206 a
1914 3135 2018 3232 sapito
2042 3133 2082 3209 de
2105 3133 2168 3206 illu

755 3263 856 3335 tundo
878 3274 987 3335 restro
1011 3261 1133 3348 maiore
1157 3261 1278 3356 quihus
1303 3277 1389 3333 vero·
1405 3261 1513 3356 ipsum
1534 3260 1672 3334 Inudum
1693 3260 1817 3334 maiore
1840 3247 1875 3332 in
1897 3273 2005 3334 vestm
2021 3283 2169 3335 usserm-

756 3392 812 3462 stis
844 3401 998 3486 potestate
1032 3391 1153 3485 quinta
1180 3389 1267 3484 petia
1290 3390 1349 3484 qni
1373 3398 1421 3461 est
1442 3390 1477 3461 iu
1500 3389 1606 3482 eapite
1627 3388 1671 3461 ds
1692 3387 1747 3462 iIIa
1770 3388 1937 3460 mnaria:
1972 3395 2064 3461 sexta
2087 3409 2167 3461 vero

753 3517 837 3607 petia
873 3515 930 3608 qui
965 3513 1087 3584 dieitur
1113 3511 1168 3581 ilte
1201 3511 1414 3584 Iundioiqum
1438 3511 1622 3608 piotulum:
1650 3511 1782 3584 insimul
1803 3525 1869 3582 uua
1892 3533 1967 3582 oum
1995 3510 2166 3584 monibus

752 3643 925 3720 IruetiIeris
962 3641 1014 3712 rel
1045 3641 1254 3712 infructiferis
1287 3653 1319 3711 et
1337 3665 1427 3714 ‚eum
1449 3642 1600 3750 portione
1622 3653 1724 3715 vestra
1747 3642 1788 3712 de
1810 3641 1866 3712 itta
1887 3619 2011 3734 piscina
2035 3628 2168 3714 maiore

752 3769 955 3844 eomunalem
980 3767 1019 3842 de
1045 3782 1224 3840 memorato
1247 3769 1320 3842 Ioco
1345 3779 1513 3865 paternum
1536 3770 1594 3866 qni
1617 3780 1666 3844 est
1687 3770 1770 3842 iusta
1794 3767 1930 3841 ecelesia
1953 3767 2057 3840 semoti
2081 3769 2165 3866 petri

751 3899 887 3994 apostoli
911 3899 1021 3972 obenit
1045 3908 1225 3970 memorato
1247 3910 1357 3972 vestro
1380 3899 1577 3970 monasterio
1599 3909 1632 3968 et
1655 3919 1731 3972 oum
1750 3897 1895 3968 introitus
1909 3917 1982 3968 suas
1999 3905 2033 3970 et
2049 3899 2163 3970 omni·

752 4025 811 4096 bus
835 4023 896 4098 sivi
919 4023 1153 4120 pertinentibus
1176 4045 1255 4120 quas
1279 4043 1359 4095 vero
1384 4021 1571 4096 memoratis
1593 4021 1821 4116 prenominatIs
1845 4021 1939 4092 tern's
1962 4044 2039 4094 enm
2055 4021 2164 4096 omni-

749 4153 811 4224 bus
841 4150 904 4224 siri
938 4150 1190 4247 pertiuentihus:
1215 4161 1253 4222 ut
1282 4172 1380 4246 snper
1409 4149 1530 4243 legitur
1561 4165 1704 4245 exeep'o
1724 4161 1902 4221 memorato
1931 4151 2033 4224 fundo
2054 4158 2164 4225 vestro

748 4280 872 4349 maiore
895 4287 933 4347 ut
957 4299 1052 4372 super
1077 4277 1197 4371 iegitur
1227 4277 1320 4347 nobIa
1353 4277 1538 4372 nosuisquo
1565 4274 1664 4348 heren
1677 4275 1737 4349 bus
1760 4276 1890 4348 dedistis
1915 4277 1949 4348 iu
1971 4277 2107 4372 ooIIigio
2129 4285 2161 4350 st

748 4403 960 4476 lavorandnrb
984 4412 1017 4472 at
1041 4401 1260 4474 detinendum:
1278 4401 1370 4474 ineo
1392 4409 1565 4477 tenorent
1588 4401 1662 4472 abto
1687 4415 1831 4498 tempore
1854 4427 1914 4476 nos
1932 4415 1964 4478 at
1985 4403 2162 4476 heredibus
2291 4428 2295 4436 ·

748 4530 866 4602 nostris
890 4527 963 4600 illos
985 4549 1067 4601 rene
1091 4537 1124 4600 et
1147 4525 1321 4624 diligenter
1334 4527 1490 4604 deuorare
1514 4539 1546 4603 et
1569 4529 1715 4604 exeolere
1738 4541 1771 4603 et
1794 4541 1827 4602 at
1843 4533 2013 4603 meliorem
2038 4529 2163 4604 uultum

748 4661 924 4754 perducere
949 4657 1122 4730 debeamus
1147 4679 1224 4732 oum
1248 4657 1348 4732 vobes
1371 4668 1499 4731 nostros
1520 4667 1553 4730 et
1568 4659 1779 4731 oonoiaturias
1797 4660 1850 4732 vel
1869 4662 1994 4732 omnies
2009 4681 2161 4754 expensas

722 4789 952 4859 ‚raucuminss
987 4799 1020 4860 et
1046 4791 1129 4862 vites
1154 4789 1275 4862 ibidem
1298 4790 1388 4860 omni
1411 4811 1522 4887 annue
1540 4811 1659 4884 ponere
1682 4802 1715 4860 et
1737 4791 1887 4885 plantare
1909 4789 2082 4860 debeamus
2103 4785 2165 4858 ubi

752 4937 921 4988 necessum
953 4917 1050 4990 Iuerit
1074 4929 1106 4993 et
1130 4919 1214 4993 sieut
1237 4919 1358 4992 iustum
1381 4918 1500 4992 suerit:
1527 4929 1559 4990 et
1583 4919 1671 4990 omni
1698 4941 1802 4990 annue
1826 4919 1865 4990 de
1889 4927 1997 4990 nostra
2020 4923 2168 4992 semente
