4882 6534
894 634 1038 730 (227)

870 897 1073 996 sonisve.

351 1177 443 1272 †1n
465 1177 597 1252 nomine
621 1181 746 1254 domini
768 1178 820 1252 dei
836 1153 1002 1256 salvatoris
1016 1180 1120 1252 nostri
1137 1177 1231 1254 ihesu
1248 1177 1384 1255 Christi:
1411 1183 1589 1279 imperante
1613 1190 1680 1262 do-
1780 1217 1842 1288 An·

257 1307 348 1382 mino
371 1315 483 1380 nmtro
506 1329 678 1384 remmono
701 1331 821 1406 magno
844 1311 1042 1406 Imperatore
1066 1334 1150 1386 enno
1167 1313 1330 1394 seeundo:
1357 1315 1410 1388 die
1426 1322 1541 1412 quarte
1556 1317 1679 1393 decima
1759 1353 1869 1416 1031.

257 1437 376 1511 mensis
399 1433 554 1510 februrrii
579 1436 754 1512 indictione
775 1447 892 1534 *quarta
913 1441 1038 1512 decium
1058 1437 1205 1536 neapoli:
1230 1441 1363 1516 Certum
1387 1451 1435 1514 est
1458 1453 1512 1514 me
1535 1444 1680 1540 sergium

256 1567 316 1660 qni
338 1563 524 1640 nominatur
546 1565 724 1640 bareauum
748 1563 852 1638 filium
867 1565 1034 1663 quondam
1064 1569 1208 1661 gregorii
1232 1569 1380 1640 bmseni:
1407 1569 1438 1642 Α
1463 1571 1602 1664 presenti
1626 1573 1679 1650 die

255 1691 471 1784 promtissime
494 1695 651 1768 uoluntate
665 1693 822 1790 promitto
844 1693 938 1768 vobis
962 1695 1095 1767 domino
1120 1693 1279 1767 leurentio
1295 1696 1472 1770 venerabili
1489 1699 1682 1794 presbytero

256 1826 289 1891 et
304 1819 467 1894 monaobo
490 1817 688 1915 dispensum
712 1827 745 1892 et
767 1827 875 1892 rector
899 1817 1084 1896 monasterii
1107 1825 1293 1892 :meorum
1316 1818 1415 1916 sergii
1431 1829 1463 1891 et
1477 1818 1595 1891 baebi:
1621 1821 1680 1917 qui

258 1961 346 2014 nune
369 1953 584 2042 congregatus
609 1951 657 2018 est
680 1945 715 2018 in
738 1945 937 2018 monasterio
965 1953 1151 2020 sanctorum
1184 1947 1335 2020 theodori
1362 1954 1395 2018 et
1417 1943 1589 2022 sebastiani
1618 1947 1678 2045 qui

261 2067 441 2164 appelatur
464 2075 620 2168 casapieta
644 2069 744 2150 situm
768 2073 803 2144 in
826 2071 1045 2146 viridiarium.
1081 2081 1115 2146 et
1146 2082 1178 2145 et
1202 2083 1299 2147 eunte
1322 2082 1429 2147 vestra
1452 2075 1678 2171 congregatio·

257 2215 334 2270 nem
355 2196 594 2274 monacbonrm
617 2203 791 2274 memorati
814 2205 919 2277 sensti
943 2211 976 2277 et
999 2199 1193 2276 venerabilis
1216 2201 1316 2274 vestri
1339 2203 1527 2274 monasterii
1542 2195 1682 2296 propter'

255 2327 344 2416 quod
368 2347 432 2421 ego
465 2328 501 2398 in
534 2336 716 2400 memorato
750 2335 859 2398 saneto
891 2337 925 2399 et
955 2325 1133 2400 venerabili
1163 2335 1271 2400 vestro
1305 2326 1502 2400 monasterio
1532 2326 1679 2396 eontravi

257 2461 344 2520 terra
367 2458 401 2522 et
423 2457 534 2520 monte
559 2469 650 2521 eoum
674 2449 757 2518 silba
780 2449 912 2522 insimul
941 2451 978 2522 in
1000 2473 1069 2522 uno
1091 2453 1301 2526 coniunctum
1325 2453 1432 2546 posits
1455 2452 1491 2524 in
1513 2450 1588 2524 loeo
1620 2451 1680 2546 qui

258 2583 394 2650 vocetur
413 2575 543 2650 romani
566 2586 599 2648 ut
622 2595 745 2650 messa:
770 2575 907 2650 dieendo
930 2597 1005 2672 pers
1028 2599 1101 2650 mea
1122 2585 1161 2652 ut
1183 2585 1366 2662 memorato
1381 2590 1491 2650 vestro
1508 2589 1679 2650 monaste-

259 2703 313 2776 rio
334 2698 455 2778 ibidem
476 2722 545 2773 non
567 2701 699 2775 aberet:
726 2711 775 2777 set
797 2723 910 2776 meum
933 2711 967 2777 et
990 2703 1031 2778 de
1053 2701 1241 2798 parentibus
1264 2701 1346 2777 meis
1370 2711 1404 2774 et
1419 2703 1459 2778 de
1473 2699 1677 2774 consortibus

257 2828 339 2900 meis
362 2834 493 2930 exeret:
521 2827 619 2901 etism
643 2837 677 2900 st
699 2825 821 2901 ibidem
844 2851 943 2924 suprs
965 2829 1173 2926 perreximus
1199 2849 1276 2901 eum
1299 2827 1424 2903 iudiees
1447 2826 1614 2924 pubblieos
1646 2837 1679 2900 et

257 2954 433 3030 ostensistis
455 2954 549 3028 nobis
572 2953 690 3029 exinde
714 2978 778 3028 una
801 2953 948 3030 chartule
979 2957 1159 3030 securitatis
1182 2954 1380 3030 membranis
1402 2957 1522 3052 scripta
1553 2977 1619 3052 qne
1638 2953 1679 3033 in

256 3091 438 3154 memorato
459 3089 568 3156 vestro
590 3081 787 3156 monasterio
816 3084 935 3158 exinde
959 3083 1069 3180 posuit
1091 3085 1259 3180 quondam
1292 3085 1426 3158 domino
1458 3083 1570 3180 sergio
1598 3103 1676 3154 ma-

257 3207 376 3304 gnifioo
399 3207 468 3281 lilio
491 3211 655 3305 qnondam
678 3210 801 3284 domini
826 3210 976 3284 iohannis
999 3210 1176 3285 monacbi:
1210 3219 1244 3284 et
1275 3213 1317 3288 de
1351 3209 1488 3286 domino
1522 3211 1677 3306 gregorio

258 3333 328 3408 lilio
350 3331 517 3428 quondum
541 3333 663 3408 domini
685 3335 805 3432 sergii:
833 3357 892 3408 sen
916 3333 1057 3410 iohanne
1082 3336 1152 3410 lilio
1175 3337 1342 3432 quondam
1359 3335 1484 3410 domini
1500 3336 1599 3430 sergii
1614 3335 1680 3406 ba-

258 3460 363 3533 resani
386 3459 451 3533 boe
477 3469 525 3534 est
547 3470 695 3556 parentes
717 3463 886 3557 quomodo
909 3471 1092 3537 memorato
1118 3459 1228 3535 ve'stro
1242 3462 1436 3535 monisterio
1452 3461 1572 3534 ibidem
1593 3481 1679 3555 por-

257 3589 346 3662 tione
370 3587 480 3662 obem
503 3588 544 3660 ds
567 3587 732 3682 quondam
756 3591 888 3662 domina
911 3589 1066 3660 eusebis:
1092 3597 1126 3660 et
1150 3590 1220 3683 ipsa
1243 3588 1426 3662 firmissima
1449 3586 1597 3660 chartula
1621 3611 1680 3660 se-

262 3715 408 3786 curitatis
429 3713 550 3788 ibidem
572 3736 669 3809 supra
693 3713 838 3809 relegere
861 3713 1018 3788 fecimus:
1051 3720 1086 3786 et
1109 3715 1190 3787 dum
1218 3714 1288 3809 ipsa
1320 3713 1467 3800 chartula
1499 3713 1681 3787 securitatis

258 3840 342 3910 leetu
364 3838 478 3910 luisset
500 3835 683 3910 tribuerunt
713 3837 829 3910 exinde
861 3838 944 3913 inter
976 3837 1072 3910 nobis
1108 3837 1174 3910 boe
1205 3836 1364 3909 indicium
1396 3845 1435 3910 ut
1463 3859 1527 3932 ego
1558 3859 1681 3930 ponere

250 3939 351 4035 vobis
374 3961 491 4036 exinde
506 3962 647 4034 ebertula
662 3964 903 4068 promissionis:
923 3973 956 4036 et
972 3965 1065 4036 omni
1079 3971 1228 4058 tempore
1243 3961 1361 4033 exinde
1375 3961 1485 4034 aberet
1498 3969 1681 4034 memorato

239 4081 376 4164 'vestro
399 4090 596 4162 monasterio
620 4091 661 4194 de
685 4091 754 4184 ipsa
778 4091 860 4161 silbe
883 4097 916 4160 et
938 4097 1050 4158 monte
1073 4109 1133 4158 seu
1156 4097 1244 4160 terre
1266 4085 1404 4160 insimul*
1431 4086 1466 4156 in
1499 4109 1566 4158 uno
1593 4109 1677 4158 eon-

259 4220 408 4290 iunotum
431 4237 509 4288 eum
531 4217 685 4288 omnibus
715 4215 777 4287 sivi
807 4213 1043 4308 pertinentibus
1066 4235 1133 4286 une
1156 4222 1292 4312 quatra:
1327 4213 1443 4288 deinde
1466 4221 1500 4286 et
1524 4236 1587 4308 ego
1620 4237 1681 4309 per

258 4365 319 4414 une
343 4338 488 4413 meula
510 4347 544 4412 et
565 4359 626 4432 pro
650 4336 767 4412 eodem
790 4333 953 4408 iudicium
975 4337 1168 4432 repromitto
1192 4346 1225 4409 et
1248 4336 1378 4410 utfirmo
1394 4335 1489 4410 vobis
1504 4336 1584 4432 quis
1597 4336 1679 4410 nul-

265 4471 389 4544 latenus
411 4487 597 4566 presummo
619 4485 684 4560 ego
707 4471 763 4535 aut
785 4460 960 4536 heredibus
974 4464 1058 4538 meis
1073 4487 1135 4538 neo
1151 4463 1303 4540 abeamus
1323 4463 1485 4536 lieentiam
1506 4463 1681 4560 aliqumdo

195 4593 207 4610 ’
266 4606 494 4692 temperares
518 4601 574 4666 aut
596 4591 734 4690 posteris
757 4590 873 4708 vestris
895 4591 948 4664 vel
971 4602 1152 4666 memorato
1181 4603 1291 4668 vestro
1313 4593 1513 4666 monasterio
1546 4613 1588 4662 ex
1612 4592 1682 4686 ipsa

171 4725 173 4732 ’
262 4731 378 4822 qnetrs
401 4731 508 4797 ruba
530 4721 606 4794 eum
632 4721 786 4794 omnibus
805 4719 868 4793 sivi
891 4699 1125 4820 pertinentibus
1149 4719 1267 4794 exinde
1290 4742 1429 4817 querere
1454 4725 1510 4792 aut
1533 4725 1681 4792 conbare

270 4869 327 4941 per
350 4846 478 4922 nullum
501 4845 636 4919 medum
659 4867 719 4917 nee
749 4867 809 4940 per
832 4843 1018 4918 summissas
1040 4866 1194 4940 personas
1217 4845 1253 4918 in
1275 4843 1439 4940 perpetuis
1462 4842 1681 4940 temporibus:
