4888 6528
1394 550 1567 666 troops

611 1099 674 1170 Au·
851 1099 882 1200 †
906 1101 945 1176 ln
968 1098 1100 1176 nemim
1123 1096 1250 1172 domini
1273 1095 1438 1172 tricerimo
1460 1101 1580 1192 quoto
1603 1113 1693 1166 nuno
1716 1093 1916 1192 principatus
1931 1097 2054 1176 domini
2077 1103 2178 1198 guni.

588 1229 702 1303 1025.
758 1227 855 1305 motii
878 1224 1014 1323 gloriosi
1035 1222 1176 1322 principi
1199 1231 1233 1296 et
1255 1220 1395 1316 reptimo
1415 1229 1506 1292 'anno
1531 1217 1657 1294 donini
1680 1218 1856 1314 gueimmii
1876 1223 1947 1296 eiua
1961 1223 2031 1298 filio
2048 1226 2182 1321 gioriod

757 1355 960 1456 principibus
981 1375 1092 1462 moure
1117 1349 1237 1424 mortio
1261 1359 1378 1448 quartu
1403 1349 1592 1424 indictione.
1618 1348 1758 1444 ideoque
1782 1373 1845 1446 ego
1869 1351 2025 1428 iobannea
2045 1353 2184 1430 cutiliun

616 1481 624 1496 '
761 1483 848 1556 fib'm
871 1479 956 1576 petri
979 1477 1141 1574 peoorerii
1163 1475 1205 1576 de
1227 1473 1380 1548 liciniano
1404 1473 1491 1548 bona
1512 1471 1634 1548 etenim
1648 1491 1722 1548 mea
1736 1473 1913 1550 bolumtate
1927 1499 1987 1571 pce
2003 1499 2066 1552 unc
2079 1479 2181 1552 cbur·

763 1608 866 1682 tulam
897 1609 940 1682 do
972 1604 1032 1680 tibi
1063 1604 1198 1680 domino
1231 1604 1347 1679 ateieni
1370 1601 1549 1676 benerebib'
1572 1595 1681 1674 ubbbti
1703 1602 1893 1675 monasterii
1916 1602 2052 1678 eoeleeie
2074 1621 2182 1680 aencte

762 1735 866 1808 marie
889 1755 956 1830 que
978 1729 1157 1826 appellatur
1180 1728 1221 1802 ad
1244 1729 1299 1802 ida
1320 1727 1427 1823 speleo
1451 1727 1535 1800 iusta
1564 1734 1676 1800 monte
1699 1725 1834 1802 beaubei
1855 1749 2055 1825 quemquem
2078 1742 2181 1828 quot÷
2211 1797 2212 1800 r

652 1875 669 1915 ⁰
763 1861 838 1932 dem
862 1859 999 1934 domnus
1020 1855 1179 1928 martinus
1202 1851 1299 1927 ubboa
1323 1849 1468 1942 auuoboe
1491 1851 1689 1924 eonatuuceit
1716 1851 1905 1926 fundamine
1928 1863 1963 1926 et
1985 1865 2093 1928 cumte
2123 1880 2188 1930 ve-

767 1999 834 2064 stre
865 1983 1126 2082 congregationis
1159 1979 1396 2054 monachorum
1426 1977 1637 2076 suprascripti
1667 1978 1769 2054 veui
1796 1981 1984 2055 monosterii
2007 2004 2070 2052 unu
2092 1991 2184 2078 parte

764 2136 842 2190 nuce
861 2113 902 2186 de
925 2112 1051 2206 integra
1074 2131 1140 2182 une
1164 2107 1256 2204 pecie
1282 2108 1322 2182 de
1345 2116 1435 2178 terra
1457 2105 1565 2200 ponite
1588 2105 1629 2180 ed
1652 2103 1779 2180 bineele
1801 2105 1843 2180 de
1857 2105 1908 2178 tea
1924 2105 1971 2178 ibi
1988 2105 2059 2200 ipeo
2081 2109 2188 2202 ponite

704 2251 719 2270 ·
766 2239 803 2312 in
826 2237 978 2312 licinieua
1001 2235 1120 2310 ubeute
1143 2235 1225 2344 finer¹
1250 2235 1291 2308 de
1314 2251 1380 2308 uno
1402 2233 1505 2308 lutere
1529 2243 1619 2309 terra
1641 2233 1776 2308 marcidi
1796 2233 1958 2328 pecunarii
1974 2233 2043 2306 tbio
2062 2247 2188 2309 meoet

766 2371 863 2466 guiso
888 2376 921 2442 et
942 2363 1025 2464 gilio
1048 2363 1184 2440 exadeli
1207 2361 1355 2458 germani
1378 2363 1446 2436 mei
1468 2385 1570 2459 quem
1594 2385 1654 2436 roa
1670 2360 1783 2435 muntia
1799 2361 1840 2434 cd
1858 2364 2092 2456 pmtenandum
2107 2373 2190 2460 quot

766 2503 843 2568 eunt
865 2491 930 2564 due
952 2499 1060 2584 parter
1092 2495 1126 2559 et
1153 2495 1229 2560 runt
1259 2484 1345 2582 parui
1374 2483 1541 2582 munginta
1572 2493 1738 2582 quactnor
1764 2483 1807 2558 de
1830 2481 1895 2556 alio
1917 2481 2017 2558 latere
2041 2494 2127 2558 terru
2149 2485 2191 2560 de

769 2619 832 2716 ipri
857 2616 993 2713 appiani
1009 2614 1051 2688 de
1073 2611 1205 2708 neapoli
1229 2635 1329 2709 quern
1354 2619 1468 2686 tennnt
1500 2608 1613 2684 eredes
1636 2609 1678 2682 ad
1700 2607 1787 2682 idem
1811 2605 1956 2682 iobeune
1978 2607 2019 2682 de
2041 2619 2190 2684 matrona·

770 2753 847 2834 eunt
868 2743 954 2840 parci
976 2742 1214 2842 quinquaginta
1235 2741 1321 2814 nobe
1356 2739 1494 2835 deeuper
1525 2737 1629 2834 capite
1658 2745 1743 2810 terra
1766 2735 1871 2812 uncti
1893 2737 2025 2810 martini
2048 2744 2083 2808 et
2105 2745 2192 2810 terra

773 2873 816 2945 de
838 2871 900 2965 ipri
922 2875 1105 2966 peperunt
1127 2865 1212 2962 porei
1233 2863 1352 2960 biginti
1376 2873 1460 2940 tren
1484 2861 1525 2936 de
1547 2869 1644 2960 eupto
1665 2861 1771 2958 cupite
1789 2869 1875 2938 terra
1891 2859 1933 2936 de
1947 2859 2052 2935 omica
2067 2873 2099 2932 et
2112 2871 2191 2936 aunt

607 3012 609 3022 ’
773 2996 860 3094 pmei
882 2995 998 3092 biginti
1020 3003 1056 3068 et
1076 3015 1155 3068 uno.
1178 3003 1212 3068 et
1234 2992 1402 3066 nominate
1424 3003 1512 3064 tmra
1534 2989 1662 3086 integra
1686 3013 1753 3064 nna
1773 3013 1812 3064 ee
1832 2989 1983 3066 iamdicto
2005 2997 2097 3084 pote
2118 3003 2200 3062 meu'

773 3121 915 3217 quediter
938 3117 1018 3192 finer
1041 3117 1112 3192 eim
1133 3115 1273 3214 predicti
1294 3125 1373 3190 runt
1395 3123 1429 3188 et
1452 3115 1538 3208 perri
1561 3116 1740 3188 memorati
1762 3113 1857 3190 vebia
1878 3115 1939 3212 gui
1957 3135 2055 3209 rupra
2079 3114 2195 3186 nomi·

774 3248 842 3322 nati
866 3245 997 3322 domini*
1014 3243 1162 3342 rtepbaei
1184 3242 1361 3318 benerabili
1385 3241 1496 3316 abbati
1518 3249 1552 3316 et
1575 3250 1684 3314 cumte
1706 3252 1813 3318 rmtre
1834 3243 2103 3340 congregationes
2117 3264 2196 3314 mo·

773 3376 952 3452 nocherum
975 3375 1152 3470 supradicti
1175 3371 1276 3448 reetri
1299 3370 1489 3446 monasterii
1512 3378 1622 3442 nancte
1645 3373 1747 3444 morie
1769 3372 1885 3446 damur
1908 3372 1949 3444 ud
1964 3373 2196 3466 pmmnmdnm

775 3508 820 3572 ut.
837 3508 915 3593 apto
937 3507 1085 3593 tompore
1111 3497 1194 3569 bene
1217 3506 1251 3568 et
1272 3497 1445 3591 diligenter
1477 3494 1551 3592 illut
1579 3493 1732 3570 deuoretie
1755 3505 1788 3566 et
1810 3493 1981 3590 parteuetie
2004 3493 2136 3568 mboree
2161 3505 2195 3568 et

777 3625 864 3698 olibe
899 3627 987 3698 iusto
1019 3635 1054 3698 et
1084 3622 1232 3716 legitime
1259 3621 1397 3696 bordino
1430 3629 1468 3694 ut
1494 3633 1605 3718 pareat
1627 3621 1710 3700 bene
1734 3621 1915 3694 devoratum
1938 3627 1972 3692 et
1995 3629 2198 3718 pectenatum

776 3758 889 3845 ruptus
912 3759 946 3824 et
967 3749 1106 3844 desuper
1137 3755 1171 3820 et
1193 3746 1346 3820 laboretis
1367 3747 1442 3820 iilos
1464 3771 1542 3820 cum
1566 3755 1692 3822 vestroe
1714 3748 1814 3820 vobee
1837 3756 1870 3818 et
1894 3745 1938 3818 ad
1961 3769 2094 3821 manum
2117 3759 2192 3842 apto

776 3891 924 3970 tempore
951 3883 985 3948 et
1007 3875 1140 3972 pendo
1171 3873 1325 3948 beneritie
1354 3875 1423 3971 ipen
1454 3883 1541 3948 terra
1568 3877 1609 3948 ad
1631 3875 1791 3948 seminece
1815 3873 1925 3950 ombus
1949 3886 2055 3971 parter
2078 3873 2198 3946 ibidem

773 4009 952 4076 sementem
983 4022 1105 4097 ponere
1139 3997 1314 4072 debeamus
1347 4007 1381 4070 et
1408 4021 1469 4070 noe
1492 3997 1565 4072 iiiut
1588 4010 1620 4070 et
1644 3999 1796 4073 eredibua
1822 4001 1944 4072 nostris
1968 4023 2007 4072 ea
2030 4008 2142 4094 potare
2165 4009 2201 4071 et

776 4130 896 4202 coltere
930 4127 1104 4202 &eumue
1134 4135 1166 4198 et
1190 4147 1249 4198 nos
1271 4117 1346 4198 illut
1368 4136 1492 4200 metere
1514 4125 1691 4200 debeumua
1713 4128 1753 4200 nd
1777 4151 1875 4199 omne
1900 4137 2048 4200 nostrum
2070 4150 2199 4222 expen-

777 4250 868 4322 dium
892 4257 925 4320 et
947 4269 1007 4320 noo
1030 4247 1106 4318 ilbut
1129 4247 1276 4320 tritulare
1300 4245 1475 4318 debeamus
1508 4256 1557 4320 eet
1581 4269 1638 4321 voe
1662 4258 1695 4322 et
1717 4251 1852 4344 porteris
1875 4251 1991 4322 verbio
2016 4248 2107 4320 nobis
2123 4271 2199 4320 oo·

776 4373 915 4469 atrisque
938 4370 1086 4444 eredibua
1108 4372 1227 4443 exinde
1261 4370 1337 4444 illut
1371 4371 1531 4446 deducere
1558 4373 1701 4446 debeatis
1726 4377 1765 4446 ad
1788 4399 1863 4450 eree
1885 4387 1993 4448 nostra
2017 4377 2052 4450 in
2073 4397 2198 4472 eupra-

678 4545 679 4550 ,
778 4497 901 4592 scripto
923 4493 1009 4566 loco.
1032 4503 1065 4568 et
1087 4473 1294 4590 quocumque
1317 4496 1464 4572 fructum
1487 4496 1639 4570 dominus
1662 4497 1741 4570 deur
1765 4499 1890 4570 dederit
1914 4499 2094 4578 diffidemus
2122 4491 2196 4574 illut

691 4617 693 4623 ’
778 4625 863 4694 inter
885 4620 980 4694 nobis
1002 4645 1061 4716 per
1084 4623 1290 4696 medietatem
1316 4633 1350 4696 et
1373 4645 1432 4718 per
1454 4632 1582 4718 tempus
1605 4623 1768 4697 bindemie
1791 4625 1868 4697 bino
1892 4629 2014 4700 mundo
2042 4637 2076 4698 et
2090 4649 2197 4698 reccu-

779 4769 886 4843 penna
907 4771 966 4820 eeu
988 4735 1090 4821 otibn
1113 4761 1148 4822 et
1177 4749 1311 4844 glandes
1343 4771 1409 4844 que
1433 4747 1555 4820 ibidem
1581 4749 1734 4822 dominus
1758 4749 1836 4823 deus
1860 4750 1986 4824 dederit
2014 4750 2201 4839 ‹iibidamur¹

780 4869 854 4944 illut
878 4870 961 4942 inter
992 4871 1085 4943 nobie
1109 4895 1168 4967 per
1199 4871 1369 4944 medietate
1394 4881 1426 4943 et
1450 4893 1509 4944 res
1533 4881 1566 4944 et
1587 4873 1724 4968 posteris
1753 4873 1967 4948 recubitet
1999 4873 2201 4950 bindemiare
