4882 6534
1406 642 1421 735 (
1444 647 1512 714 esa
1534 643 1548 735 )

1377 924 1567 998 OECLXIX.

619 1225 682 1294 An,
866 1197 898 1292 †
920 1197 965 1267 ΙΝ
989 1193 1119 1264 nomine
1142 1185 1266 1262 domini
1290 1185 1393 1257 nostri
1414 1183 1510 1256 lbeeu
1533 1181 1665 1275 Christi
1688 1186 1805 1280 quinto
1822 1209 1909 1259 enno
1923 1188 2056 1284 imperii
2070 1192 2192 1266 domini

600 1295 710 1418 18³7.
772 1325 900 1402 meae
934 1344 1025 1392 men
1057 1317 1214 1390 nocam
1237 1323 1328 1386 me
1351 1313 1543 1384 unomen.
1574 1312 1626 1382 m
1649 1335 1721 1406 ego.
1745 1313 1832 1386 nona
1856 1319 1960 1412 pas·
1985 1320 2111 1391 annm
2133 1345 2195 1393 ve-

774 1449 926 1524 nerabil'n
949 1446 1118 1540 episeopus
1141 1440 1324 1512 dominator
1347 1447 1456 1508 sancte
1480 1436 1533 1506 dei
1556 1435 1690 1508 ecclesie
1714 1438 1959 1534 monopolitane
1986 1440 2073 1514 sedis
2097 1447 2195 1514 nostri

775 1577 956 1674 epiecopip.
984 1595 1071 1644 anno
1102 1567 1283 1664 presulatus
1314 1565 1381 1636 mei
1404 1574 1514 1636 sexto.
1545 1565 1606 1634 Per
1626 1587 1666 1636 ec
1688 1569 1813 1640 raxtnla
1837 1569 1991 1641 libertatis
2022 1593 2089 1650 nna
2116 1595 2190 1642 eum

778 1719 969 1772 eonsensum
1001 1691 1209 1766 Sacerdotum
1243 1711 1302 1761 seu
1334 1687 1505 1758 levitarum
1536 1709 1637 1781 qnam
1669 1699 1702 1758 et
1735 1690 1871 1763 interior
1899 1693 2061 1787 pedm
2077 1699 2193 1768 mi.

780 1825 934 1898 stentibus
966 1831 1074 1892 nostre
1105 1826 1213 1890 sancte
1245 1815 1296 1886 dei
1329 1813 1483 1884 ecclesie.
1515 1815 1556 1883 Et
1587 1837 1654 1885 unc
1685 1837 1763 1886 cnm
1792 1819 1944 1890 entoiano
1968 1821 2068 1894 iudex
2092 1823 2195 1894 adbo-

780 1962 923 2022 catorem
947 1954 1093 2016 moun
1112 1943 1226 2012 damus
1249 1941 1357 2032 adque
1380 1936 1600 2011 allibertamus
1626 1939 1722 2012 uobis
1746 1943 1913 2035 garzianiti
1936 1943 2092 2040 imperiali
2115 1956 2195 2018 tm..

783 2076 905 2150 mmebi
931 2074 997 2146 blio
1020 2069 1091 2144 calo
1115 2068 1233 2140 iobane
1255 2068 1296 2140 de
1320 2067 1452 2140 civitate
1475 2068 1563 2141 rari.
1590 2069 1633 2137 llt
1653 2070 1737 2162 sergi
1754 2067 1823 2140 filio
1837 2081 1947 2164 petrns
1972 2073 2197 2170 varbaneoqne

783 2201 893 2298 nepoti
916 2201 979 2272 boc
1003 2209 1050 2270 est
1074 2197 1160 2269 enim
1184 2196 1254 2290 ipsa
1278 2194 1431 2267 eeclesia.
1460 2195 1555 2268 cuim
1582 2195 1772 2268 uocabulum
1802 2205 1850 2267 est
1875 2199 1975 2268 saneti
1999 2199 2136 2270 demetri
2164 2209 2197 2272 et

785 2336 914 2396 sanetus
936 2322 1113 2395 laurentius
1137 2319 1286 2390 martires
1309 2317 1423 2389 ebriati
1446 2318 1537 2412 quod
1561 2319 1620 2390 bos
1645 2320 1705 2412 ipsi
1720 2319 1911 2390 laborastitis
1927 2321 1963 2390 in
1976 2321 2053 2390 loco
2067 2321 2197 2392 badello

786 2454 821 2523 in
846 2453 943 2523 rebus
977 2459 1082 2520 vestm
1115 2445 1234 2518 linibus
1269 2467 1312 2514 ex
1343 2442 1477 2514 ciuitate
1501 2445 1670 2540 monopoli
1695 2437 2087 2542 meque'introduxist'nis
2111 2445 2201 2519 illam

785 2579 877 2652 vobis
899 2575 1059 2646 dedicare.
1089 2573 1165 2656 Quo
1190 2569 1346 2666 perhacto
1367 2593 1456 2644 nnuc
1478 2593 1551 2644 eam
1574 2573 1668 2646 vobis
1692 2574 1919 2648 allibertamus.
1945 2574 1980 2646 in
1993 2573 2056 2646 boc
2072 2574 2198 2649 ordine.

786 2709 823 2772 ut
846 2696 909 2769 heb
928 2694 1068 2767 odierno
1090 2694 1143 2766 die
1166 2695 1202 2766 in
1225 2693 1341 2766 bantm
1365 2693 1401 2766 in
1424 2705 1532 2768 vestra
1553 2697 1597 2768 sit
1619 2705 1773 2792 potestate
1795 2699 1866 2792 ipsa
1889 2697 2022 2770 ecelesia
2039 2710 2072 2770 et
2090 2700 2131 2770 de
2146 2719 2204 2772 ve·

787 2821 860 2894 stris
883 2818 1056 2892 herodibus
1079 2817 1232 2892 omnibus
1265 2817 1465 2910 temporibus
1498 2819 1627 2892 tenendi
1650 2819 1835 2892 dominandi
1862 2819 1966 2916 adque
1993 2819 2193 2915 refugiendi.

787 2949 920 3042 Absque
942 2947 1032 3019 omui
1055 2945 1306 3040 requesitionem
1321 2965 1430 3016 meam
1453 2945 1513 3040 qui
1535 2967 1632 3042 supra
1650 2947 1795 3042 pontifex
1813 2957 1846 3020 et
1860 2947 1901 3020 de
1915 2949 1997 3022 mels
2010 2947 2206 3042 posteriori·
2246 2986 2248 2990 ·

789 3077 896 3148 uibus.
927 3073 990 3146 Seu
1013 3083 1046 3146 et
1068 3073 1096 3146 si
1119 3072 1240 3146 ibidem
1263 3099 1282 3146 a
1305 3073 1551 3172 psalmumque
1572 3075 1674 3147 bomo
1688 3098 1750 3169 pro
1766 3076 1833 3150 suis
1849 3074 1992 3150 delendis
2006 3073 2201 3148 iecinoribus

791 3195 904 3292 aliquit
927 3195 1078 3268 offertum
1100 3195 1207 3268 luerit.
1230 3194 1299 3270 sibe
1322 3220 1342 3268 r
1364 3196 1423 3268 bos
1447 3195 1605 3268 nominati
1619 3196 1786 3292 garzieniti
1800 3207 1834 3272 et
1849 3201 1936 3297 sergi
1953 3209 1990 3272 ut
2006 3197 2127 3272 nullom
2142 3219 2205 3291 po-

768 3332 935 3396 .testatem
959 3323 1057 3396 abead
1080 3346 1143 3418 ege
1166 3321 1225 3418 qui
1248 3344 1346 3419 snpra
1369 3323 1526 3417 pontifex.
1551 3346 1612 3396 nec
1634 3331 1780 3418 posterea
1800 3348 1900 3404 meos
1924 3327 2038 3424 aliquit
2062 3335 2209 3422 appetere

790 3447 845 3520 uel
876 3446 1041 3524 werne
1074 3469 1117 3520 ex
1149 3445 1205 3516 tali
1236 3445 1423 3518 offertione.
1454 3447 1510 3517 sat
1532 3448 1603 3542 ipsa
1625 3450 1760 3522 ecclesia
1788 3460 1822 3524 et
1844 3455 1912 3548 ipsa
1935 3450 2061 3522 offertio
2083 3449 2149 3520 tixd
2176 3450 2213 3521 in

793 3585 898 3644 vestm
921 3573 1018 3645 etde
1042 3570 1156 3642 vestris
1179 3567 1351 3644 herodibus
1376 3577 1532 3666 potestate
1555 3572 1675 3668 absque
1698 3575 1789 3642 omni
1812 3571 2029 3668 requesitione
2054 3591 2129 3642 mes
2151 3572 2211 3666 qui

796 3720 892 3793 supra
916 3695 1025 3790 presul
1047 3705 1080 3768 et
1103 3696 1143 3768 de
1166 3696 1247 3768 meis
1270 3697 1517 3791 posterioribus.
1547 3697 1630 3770 Nam
1653 3699 1681 3768 si
1704 3721 1767 3794 ego
1791 3698 1851 3794 qni
1873 3719 1971 3792 supra
1994 3695 2145 3791 pontifex
2159 3696 2211 3769 uel

797 3845 885 3896 meos
909 3845 1108 3898 inmemores
1131 3822 1334 3898 uoluerimus
1358 3823 1472 3898 tollere
1496 3827 1562 3898 Ant
1585 3831 1734 3898 contus
1757 3824 1851 3898 vobis
1866 3823 1925 3920 qni
1941 3845 2040 3920 supra
2056 3823 2211 3896 nominati

797 3952 973 4050 vestrisque
996 3950 1168 4024 heredibus
1191 3951 1260 4046 ipsa
1282 3952 1427 4048 predicta
1441 3951 1575 4024 eeclesia
1594 3976 1656 4048 pro
1679 3974 1887 4051 quecumque
1903 3950 2047 4048 iugenio.
2063 3947 2212 4045 obligate

796 4104 876 4174 pena
899 4080 1118 4154 subiaceamus
1134 4078 1228 4152 robis
1245 4081 1425 4176 vestrisque
1448 4079 1622 4157 heredibus
1637 4101 1829 4176 componere
1844 4078 1965 4152 subdes
1980 4077 2108 4173 vigiam
2122 4077 2163 4148 lit
2178 4074 2211 4144 in

797 4209 911 4280 hantm
935 4207 1002 4300 ipsa
1028 4209 1161 4282 ecclesia
1176 4209 1260 4281 siout
1275 4207 1417 4279 diximus
1440 4205 1476 4278 in
1500 4216 1607 4281 vestra
1629 4207 1761 4305 quidem
1784 4204 1880 4277 etde
1902 4203 2017 4278 vestris
2042 4200 2211 4276 heredibus

799 4337 935 4408 manead
965 4343 1120 4431 potestate
1155 4339 1197 4408 Et
1228 4336 1289 4408 beo
1320 4333 1444 4406 cartula
1472 4332 1626 4406 libertatis
1660 4309 1695 4406 in
1728 4333 1941 4429 suprescripte
1969 4331 2091 4402 ratione
2119 4328 2214 4400 tirma

801 4463 1009 4558 permanead.
1039 4461 1145 4550 Quam
1168 4471 1200 4532 te
1222 4460 1330 4532 scribo
1353 4459 1480 4532 nobrio
1504 4468 1613 4532 sancte
1644 4460 1697 4532 dei
1720 4460 1855 4534 ecclesie
1877 4459 2105 4554 mompole'm
2130 4456 2217 4528 seri-

801 4589 878 4662 bere
901 4591 1066 4664 iuesimus.
1096 4593 1216 4663 Aetam
1238 4590 1273 4662 in
1295 4587 1480 4684 supradicta
1502 4587 1632 4658 civitate
1656 4605 1766 4660 manse
1790 4596 1823 4662 et
1845 4586 2017 4660 indictione
2042 4581 2219 4680 suprascri-

829 4721 860 4780 ta
868 4759 1211 4786 ...............

806 4733 828 4803 p
899 4833 1106 4926 fluetus
1128 4838 1286 4911 onasus
1310 4837 1467 4912 DOMINI
1489 4833 1715 4910 EPlSCOPUS
1741 4847 1850 4912 sancte
1875 4837 2113 4934 monopolitano
2137 4832 2224 4906 sedis
