4896 6522
1403 598 1546 694 (104)

764 785 828 836 nue
852 761 889 834 in
911 769 1093 847 memorato
1122 767 1231 836 amno
1253 759 1447 831 monastario
1470 755 1621 828 omnibus
1644 759 1832 832 memoratis
1855 769 1893 834 ut
1915 781 2014 858 super
2038 765 2187 864 legitur:

765 899 798 959 et
821 889 953 984 qualem
975 895 1119 978 tempore
1137 907 1200 978 eqo
1224 892 1280 956 aut
1302 881 1435 954 heredes
1457 879 1539 953 meis
1562 881 1655 954 vobis
1676 891 1710 955 et
1725 883 1761 955 in
1780 897 1964 959 memorato
1987 903 2095 966 vestm
2112 918 2189 969 mo-

765 1009 906 1080 nastario
937 1007 1011 1078 illos
1043 1005 1269 1076 abrenuntiare
1298 1002 1499 1080 voluerimus
1529 1003 1693 1078 licentiam
1725 1007 1902 1083 abeamus:
1934 1014 2067 1108 Insuper
2098 1023 2186 1091 stetit

765 1133 858 1208 nobis
882 1141 919 1202 ut
942 1137 970 1206 si
994 1155 1052 1207 vos
1075 1140 1131 1202 ant
1153 1130 1287 1224 posteris
1310 1132 1425 1203 vestris
1443 1141 1687 1228 memoratoque
1708 1147 1818 1211 vestro
1842 1145 2037 1216 monastario
2054 1147 2186 1241 deipsis

767 1261 862 1350 terris
884 1257 998 1330 vesum
1023 1257 1172 1329 lavorare
1196 1257 1366 1351 potueritis
1389 1266 1423 1328 et
1445 1256 1612 1330 volueritis
1627 1259 1716 1332 alara
1730 1263 1814 1346 iacta
1838 1266 2009 1340 veritatem
2025 1269 2186 1344 licentiam

770 1383 889 1458 abeatis
912 1381 1029 1454 exinde
1061 1380 1209 1453 lavorare
1234 1390 1391 1478 quantum
1413 1381 1594 1478 potueritis.
1625 1383 1712 1467 Quia
1743 1386 1787 1456 ita
1810 1387 1857 1458 sic
1881 1389 1974 1460 nobis
1998 1397 2184 1466 oomvenit:

767 1507 804 1579 Si
829 1513 938 1576 autem
962 1502 1055 1574 aliter
1078 1504 1248 1574 fecerimus
1272 1503 1312 1574 de
1336 1505 1365 1574 is
1388 1503 1538 1575 omuibus
1561 1506 1748 1576 memoratis
1770 1531 1829 1600 per
1850 1512 1969 1604 quovis
1982 1513 2117 1587 modum
2132 1528 2187 1588 aut

770 1631 950 1706 summissis
982 1629 1127 1724 personis
1159 1635 1236 1698 tuno
1269 1629 1495 1722 componimus
1522 1651 1582 1702 nos
1614 1639 1647 1701 et
1678 1631 1813 1702 heredes
1836 1636 2072 1710 nostrisvobis
2095 1644 2186 1714 etin

769 1765 949 1830 memorato
972 1762 1081 1826 sonno
1114 1761 1223 1827 vestro
1256 1753 1453 1824 monasterio
1484 1753 1556 1824 auri
1581 1753 1700 1826 solidos
1722 1754 1959 1854 quinquaginta
1983 1760 2185 1858 hythimtaos

772 1895 806 1981 et
828 1888 888 1960 hee
910 1883 1058 1956 chartula
1081 1891 1118 1952 ut
1141 1903 1237 1975 super
1260 1879 1380 1974 legitur
1411 1881 1453 1953 sit
1473 1875 1573 1952 'firma
1597 1879 1715 1975 scripta
1738 1907 1796 1978 per
1819 1907 1934 1956 manus
1956 1890 2042 1981 petri
2057 1893 2187 1965 curialis

773 2031 832 2106 per
854 2017 1032 2084 memorata
1055 2009 1229 2080 indictione
1252 2004 1283 2101 †
1315 2017 1347 2078 et
1369 2031 1410 2078 on
1433 2009 1631 2080 recordando
1655 2009 1822 2084 firmemus
1846 2021 1881 2084 ut
1907 2013 2035 2105 qualem
2060 2025 2188 2110 tempo-

772 2157 843 2210 rem
868 2157 927 2205 vos
951 2142 1006 2204 aut
1028 2131 1162 2228 posteris
1185 2129 1299 2204 vonis
1322 2129 1377 2200 vel
1399 2141 1578 2201 memorato
1601 2137 1709 2202 vestm
1731 2133 1925 2204 monasterio
1948 2133 1983 2204 iu
2006 2137 2123 2230 quavis
2145 2140 2186 2209 de

775 2265 853 2360 ipsis
876 2263 971 2340 torris
994 2261 1108 2338 vestris
1130 2281 1195 2353 que
1217 2259 1312 2332 nobis
1345 2257 1475 2332 dedistis
1506 2267 1543 2328 ut
1574 2281 1671 2353 super
1694 2259 1811 2354 legitur
1838 2259 2057 2335 hobedieutias
2080 2267 2188 2338 iacere

776 2403 809 2460 et
832 2389 928 2463 abere
960 2387 1131 2462 volueritis
1153 2384 1316 2458 licentiam
1349 2397 1381 2457 et
1409 2393 1598 2478 potestatem
1631 2384 1750 2456 abeatis
1779 2383 1898 2478 absque
1930 2387 2021 2458 omni
2053 2403 2188 2461 contra-

774 2518 923 2592 rietatem
946 2525 1055 2587 nostra
1079 2525 1112 2584 at
1134 2514 1174 2584 da
1196 2511 1313 2584 nosuis
1345 2511 1535 2586 heredibus:
1569 2521 1602 2581 et
1633 2533 1673 2582 oe
1696 2510 1821 2608 iterum
1845 2511 1951 2604 inquit
1975 2535 2187 2590 memoramus

775 2649 812 2716 ut
834 2637 926 2710 nullo
950 2638 1048 2709 modo
1070 2635 1318 2731 presummimus
1342 2657 1401 2705 uos
1426 2644 1483 2704 aut
1505 2631 1639 2704 heredes
1655 2632 1771 2703 uostris
1795 2631 1927 2726 aliquod
1944 2634 1985 2708 da
2002 2641 2184 2718 memoratis

775 2769 870 2840 terris
893 2765 1009 2839 vestris
1029 2763 1138 2860 ,afieui
1160 2762 1214 2834 vel
1248 2759 1370 2856 ubique
1400 2760 1519 2832 exinde
1549 2761 1626 2834 dare
1657 2769 1714 2832 aut
1744 2760 1864 2834 soniare
1895 2785 1954 2857 per
1984 2768 2184 2838 concessione

776 2906 809 2965 at
832 2892 944 2990 quavis
967 2912 1119 2984 personas
1143 2911 1201 2984 per
1224 2885 1351 2957 nullum
1374 2887 1532 2959 modum:
1558 2893 1665 2978 preter
1687 2895 1726 2957 ut
1747 2887 1894 2981 superius
1916 2887 2057 2960 diximus
2079 2891 2185 2964 licen-

778 3025 856 3095 tiam
880 3031 912 3092 et
934 3029 1123 3115 potestatem
1155 3017 1306 3088 abeamus
1336 3013 1409 3085 illos
1435 3023 1468 3084 at
1490 3012 1701 3084 lavoraudum
1733 3013 1811 3086 dare
1835 3015 1951 3109 urique
1974 3015 2184 3090 voluerimus.

775 3150 895 3219 Dentes
920 3145 955 3216 iu
979 3150 1157 3214 memorato
1180 3148 1288 3213 vestro
1312 3137 1505 3210 monasterio
1529 3135 1730 3232 posterisque
1752 3137 1866 3210 vestris
1889 3161 1948 3232 per
1967 3142 2057 3213 omni
2080 3163 2185 3216 annue

776 3277 811 3346 iu
835 3281 1012 3348 memorata
1035 3269 1206 3342 festivitate
1237 3267 1314 3337 dare
1345 3263 1516 3338 debeamus
1548 3263 1655 3355 ipsum
1677 3260 1803 3336 hiatum
1826 3273 1860 3334 et
1883 3277 2098 3342 memoratum
2120 3279 2186 3341 tare

776 3411 813 3470 ut
836 3421 933 3494 super
955 3398 1073 3492 legitur
1080 3443 1207 3465 ......
1239 3393 1303 3464 alia
1326 3415 1440 3463 manus

873 3526 905 3620 †
929 3522 1061 3616 Sergius
1084 3520 1195 3592 oonsul
1218 3528 1251 3589 et
1273 3517 1342 3590 dux
1365 3515 1538 3610 subscripsi
1561 3515 1592 3609 †
1600 3564 1725 3586 ......
1756 3513 1819 3584 alia
1839 3535 1969 3586 manus.

873 3650 1000 3748 †llgo
1024 3655 1135 3743 petrns
1158 3645 1244 3718 lilius
1267 3644 1390 3716 domini
1413 3644 1537 3720 mutati
1561 3647 1636 3718 testi
1660 3640 1876 3736 subscripsi†
1895 3694 1999 3716 .....
2031 3669 2108 3716 nam
2132 3659 2185 3720 te-

778 3783 835 3855 stis
839 3831 940 3857 .....
944 3871 946 3876 Ι

871 3907 903 4002 †
925 3907 997 4001 Ego
1022 3909 1148 4004 sergius
1171 3908 1356 3980 scriniarius
1364 3957 1516 3982 .......
1548 3911 1668 3980 iterum
1691 3909 1798 3983 testis.
1812 3960 1821 3979 .
1836 3961 1868 3979 ..

869 4032 901 4129 †
924 4033 997 4127 Ego
1020 4033 1189 4128 gregorius
1212 4035 1327 4137 latiare
1335 4079 1462 4105 ......
1487 4033 1641 4104 similiter
1663 4033 1768 4106 testis.
1782 4085 1791 4103 .
1806 4085 1840 4106 ..

868 4160 993 4255 †llgo
1017 4171 1127 4254 petrus
1159 4162 1290 4232 ctuialis
1322 4161 1483 4255 compleri
1515 4173 1547 4234 et
1577 4163 1698 4236 absolvi
1720 4185 1780 4258 per
1803 4175 1982 4236 memorata
2015 4169 2186 4241 indictione

720 4352 723 4358 .
779 4334 908 4357 ......
939 4283 1000 4353 alia
1023 4305 1156 4354 manus.
1171 4334 1179 4352 .
1194 4335 1228 4353 ..

852 4405 899 4502 ‘†
920 4407 993 4502 ligo
1016 4407 1139 4501 sergium
1162 4407 1332 4502 primarius
1355 4411 1445 4481 curie
1468 4409 1566 4482 huim
1588 4411 1726 4484 civitatis
1741 4415 1884 4507 neapolis
1907 4415 1967 4486 laec
1990 4414 2189 4507 exemplario

772 4537 916 4610 chartula
939 4535 1160 4631 promissionis
1182 4540 1266 4609 siout
1297 4540 1445 4632 superius
1468 4539 1584 4633 legitur
1608 4563 1706 4636 wem
1729 4543 1800 4613 eius
1822 4543 2001 4614 authentica
2027 4543 2120 4613 nobis
2153 4553 2187 4611 at

772 4667 866 4736 duxit
889 4667 1022 4738 domino
1046 4665 1184 4741 iohanne
1208 4667 1382 4740 venerabili
1406 4668 1594 4761 presbytero
1617 4683 1650 4740 et
1673 4680 1779 4742 rector
1798 4673 1970 4742 memorati
1995 4669 2186 4741 monasterii

775 4789 876 4860 sancti
905 4792 1076 4866 sevastiani
1108 4813 1168 4886 pro
1197 4793 1256 4862 ista
1287 4789 1482 4884 exemplaria
1512 4789 1696 4866 laciendum
1725 4795 1760 4865 in
1783 4805 1963 4866 memorato
1989 4793 2186 4866 monetaria

773 4933 815 4980 ex
839 4911 907 5006 ipsa
930 4913 1111 4982 authentica
1142 4911 1281 5020 relevatq
1303 4920 1336 4982 at
1359 4934 1379 4978 a
1401 4909 1546 5002 singulos
1569 4913 1702 4986 ralaotas
1725 4935 1785 5006 pro
1809 4915 1999 5007 ampliorem
2029 4915 2100 4988 eius
2121 4916 2187 4985 fir·-
