4940 6518
853 613 992 710 ,(εῡ)

845 901 1183 1012 cernuus·

312 1173 405 1269 †ln
428 1169 562 1244 uomiue
585 1163 712 1240 domiui
734 1163 788 1235 dei
811 1159 979 1233 suirotoris
1002 1159 1105 1232 nostri
1127 1156 1224 1230 ihesu
1245 1157 1365 1230 Gbrbti
1386 1160 1567 1254 imperante
1589 1156 1649 1228 do-
1748 1155 1809 1224 An.

217 1297 308 1370 mino
322 1291 566 1370 uostrobosiIio
574 1313 696 1385 moereo·
706 1290 893 1381 imperatore
909 1309 994 1360 oooo
1007 1282 1257 1380 qrmdrogesimo
1272 1283 1409 1377 quinto:
1437 1284 1493 1354 sed
1508 1292 1541 1352 et
1554 1283 1648 1354 Cou-
1700 1307 1705 1316 ·
1729 1283 1837 1356 1005.

217 1427 361 1497 montino
384 1425 483 1496 buter
507 1423 576 1492 eius
599 1439 720 1512 magno
741 1415 941 1508 Imperatore
965 1433 1051 1484 euno
1074 1407 1500 1504 quadragesimosecundo:
1526 1409 1579 1480 die
1593 1409 1651 1482 do·

219 1551 306 1622 oimo
329 1549 447 1624 mensis
469 1545 607 1620 ianuarii
631 1541 808 1615 indictione
832 1541 926 1611 tertio
950 1535 1099 1630 neapoli:
1117 1536 1252 1606 Certum
1268 1543 1391 1606 estem
1407 1535 1567 1607 laurentio
1581 1533 1650 1607 filio

116 1716 119 1724 ,
220 1675 387 1770 quondum
410 1671 534 1746 domiui
556 1667 726 1770 bitolioni:
752 1674 786 1738 et
808 1664 965 1762 stephano
987 1655 1057 1733 filio
1079 1658 1248 1755 quondum
1271 1653 1396 1729 domini
1418 1652 1569 1732 iobouuis
1592 1661 1651 1756 quui

218 1813 356 1876 vocetur
378 1803 419 1875 de
451 1821 606 1892 compono
640 1795 850 1894 posmodum
881 1815 962 1868 vero
985 1789 1137 1863 monocbi
1160 1789 1224 1860 boc
1247 1795 1297 1860 ost
1320 1787 1489 1882 cognatis:
1514 1788 1546 1857 A
1569 1809 1651 1882 pre·

216 1930 301 2002 senti
325 1927 378 2000 die
407 1926 626 2022 promtissime
657 1923 879 1997 volumtatem.
906 1921 1164 1994 venundedimus
1187 1925 1221 1988 et
1243 1913 1433 1988 tradidimus
1463 1913 1524 1986 tibi
1550 1913 1651 1987 deone

205 2054 354 2126 ierrorio
376 2061 409 2125 et
431 2051 606 2126 maiorurio
629 2052 697 2124 filio
720 2050 886 2145 quondum
920 2047 1064 2144 gregorii
1096 2045 1225 2117 ierrurii
1249 2045 1308 2140 qui
1340 2043 1528 2116 nominetur
1550 2065 1651 2140 popo·

218 2181 316 2252 lone:
341 2181 425 2253 idest
446 2181 611 2275 integrum
633 2177 773 2251 fundum
797 2183 946 2250 nostrum
969 2175 1112 2271 positum
1136 2175 1170 2246 iu
1193 2173 1269 2245 loco
1293 2171 1351 2268 qui
1375 2180 1511 2244 vocetur
1525 2172 1647 2244 minuo:

218 2325 282 2376 uuo
304 2326 381 2376 cum
404 2303 575 2376 arboribus
598 2311 633 2376 et
653 2304 813 2375 iructoros
846 2323 922 2374 suus
954 2308 1087 2373 etcum
1110 2299 1282 2372 introitum
1314 2321 1410 2371 suum
1439 2306 1474 2368 et
1495 2295 1649 2369 omuibus
1781 2385 1786 2394 ,

216 2429 279 2502 sibi
302 2428 545 2524 pertinentibus.
570 2427 744 2509 coherente
768 2426 831 2504 eibi
854 2425 895 2496 ob
909 2448 977 2498 uuo
993 2425 1092 2498 lutere
1105 2425 1243 2496 fundum
1258 2431 1354 2494 tuum
1367 2421 1539 2494 memorati
1559 2420 1650 2492 leoni

217 2571 252 2633 et
276 2545 349 2630 obet
372 2559 494 2632 ibidem
515 2561 717 2656 longitudine
740 2558 825 2656 possi
849 2556 1119 2653 quedtuordecim
1142 2564 1175 2625 et
1197 2551 1359 2624 medium:
1379 2560 1419 2626 et
1435 2553 1476 2623 de
1507 2549 1574 2621 elio
1599 2549 1650 2620 lu·

217 2697 289 2760 tere
312 2697 360 2760 est
384 2688 524 2760 correrio
547 2711 686 2762 comune
708 2697 814 2762 vestro
838 2686 936 2761 etde
961 2683 1032 2756 eliis
1056 2681 1260 2754 consortibus
1283 2680 1403 2751 nostris
1417 2677 1503 2751 uude
1526 2676 1648 2750 ibidem

215 2815 387 2886 insonum
411 2816 507 2887 uere
534 2815 830 2888 noeaoeane
866 2811 988 2885 torrem
1018 2809 1105 2906 pso
1137 2806 1286 2879 simonos
1313 2783 1581 2902 quattuordecim
1616 2813 1651 2876 et

216 2944 379 3016 medium:
406 2951 441 3014 et
464 2943 504 3016 ub
527 2945 591 3018 olio
614 2953 705 3040 porte
728 2952 777 3016 est
799 2942 937 3014 fundum
959 2941 1045 3036 petri
1068 2939 1126 3033 qui
1143 2937 1329 3010 nominetur
1344 2934 1499 3029 goilemlo
1515 2931 1583 3009 filio
1597 2931 1650 3029 pi-

214 3069 320 3140 truoci
353 3069 451 3141 sicuti
484 3069 572 3140 iuter
594 3091 630 3140 se
653 3067 739 3160 sepis
771 3069 892 3140 eufiuot
917 3073 950 3136 et
973 3063 1048 3134 obet
1079 3062 1200 3134 ibidem
1231 3064 1317 3154 possi
1350 3061 1511 3132 sidecim:
1547 3059 1647 3132 etde

217 3201 369 3287 qrrortum
391 3197 485 3284 porte
509 3197 557 3261 est
580 3189 719 3260 trundum
742 3192 782 3262 do
806 3189 854 3258 iili
877 3195 1060 3258 toccotocce
1084 3194 1118 3256 et
1140 3185 1215 3256 obet
1230 3185 1352 3255 ibidem
1366 3184 1452 3276 possi
1471 3181 1650 3276 quodtuor-

217 3310 326 3381 decim
347 3317 382 3376 et
402 3307 548 3378 medium
561 3306 742 3378 'memorati
773 3327 854 3377 vero
876 3305 1015 3378 bomues
1046 3306 1131 3400 poesi
1161 3305 1339 3380 mensurati
1364 3314 1441 3376 suut
1464 3311 1650 3394 opressum
1683 3305 1686 3312 ’

217 3437 364 3506 ferreum
387 3441 496 3504 suucte
518 3431 747 3524 neapolitano:
773 3433 955 3526 dequibus
979 3432 1061 3504 nibil
1086 3432 1180 3504 uobis
1203 3433 1321 3504 exinde
1337 3433 1471 3527 aliquod
1493 3428 1651 3501 remansit

217 3569 276 3630 out
298 3559 536 3630 reserbubimus
557 3582 619 3630 uec
641 3561 677 3630 iu
701 3560 802 3632 obeuo
826 3559 985 3654 cuiusque
1000 3560 1147 3655 personis
1163 3561 1252 3654 quod
1267 3560 1358 3632 obsit.
1390 3559 1577 3632 comisimus
1592 3563 1650 3632 eut

215 3691 284 3760 ium
307 3686 494 3758 comitimus
515 3694 721 3782 potestatem:
736 3696 786 3760 set
809 3711 827 3756 o
850 3687 991 3781 presenti
1015 3689 1068 3761 die
1091 3699 1125 3760 et
1148 3689 1297 3784 deinceps
1327 3691 1491 3792 integrum
1520 3710 1648 3762 memo-

215 3824 326 3886 ratum
348 3811 657 3890 mancosorum
680 3814 775 3886 sicuti
801 3834 861 3909 per
883 3825 1078 3887 memoratos
1101 3816 1286 3888 coherentie
1310 3827 1343 3888 et
1366 3793 1538 3888 memorati
1561 3817 1647 3910 possi

215 3941 500 4036 exsegregobimus
513 3963 590 4024 oum
603 3941 785 4014 fructuoros
801 3965 875 4014 suus
890 3950 922 4014 et
937 3965 1014 4015 cum
1036 3943 1208 4016 introitum
1231 3967 1347 4016 suum:
1369 3954 1401 4016 et
1415 3944 1569 4016 omuibus
1584 3943 1647 4016 sibi

215 4067 454 4164 pertinentibus
477 4067 573 4140 sicuti
596 4077 628 4140 et
651 4069 817 4162 quomodo
839 4067 988 4164 superius
1010 4055 1174 4164 legituro
1196 4067 1291 4140 uobis
1313 4068 1372 4138 tibi
1396 4070 1438 4140 sit
1461 4069 1648 4142 venumde-

215 4211 289 4270 tum
314 4207 348 4269 et
370 4196 524 4268 traditum
547 4195 583 4268 in
607 4209 663 4268 tuo
686 4197 815 4291 tuisque
837 4197 1011 4270 heredibus
1045 4197 1109 4272 siut
1128 4207 1331 4294 'potestatem
1359 4222 1489 4295 queque
1530 4198 1648 4272 exinde
1725 4213 1729 4222 ’

215 4325 327 4396 iacere
350 4322 521 4395 volueritis
544 4321 585 4393 ab
608 4324 740 4396 odierno
767 4323 820 4395 die
842 4345 969 4419 semper
990 4323 1129 4396 liberum
1151 4325 1272 4396 ubertis
1285 4336 1476 4420 potestatem
1491 4335 1524 4399 et
1538 4349 1646 4422 neque

217 4477 236 4522 r
259 4449 358 4522 nobis
383 4457 565 4522 memorato
586 4446 747 4526 laurentio
769 4457 802 4518 et
824 4457 1005 4520 memorato
1027 4449 1183 4544 stepbouo
1205 4451 1270 4522 boo
1293 4463 1341 4524 est
1364 4453 1511 4546 coguatio
1539 4475 1647 4546 neque

218 4605 236 4650 a
260 4581 384 4652 uostris
407 4577 582 4652 heredibus
593 4599 654 4650 uec
669 4600 688 4646 u
703 4575 796 4648 uobis
819 4597 992 4671 personum
1017 4578 1188 4674 mmissom
1199 4579 1290 4651 nulio
1304 4587 1450 4674 tempore
1466 4601 1646 4674 numquam

219 4717 253 4777 tu
284 4713 467 4778 memorato
485 4705 578 4776 leone
592 4702 729 4775 terrario
744 4713 777 4773 et
794 4701 972 4792 meiororio
986 4710 1042 4776 out
1054 4703 1119 4776 tuis
1133 4700 1306 4776 heredibus
1321 4705 1411 4799 quod
1425 4704 1509 4776 obsit
1525 4703 1647 4778 obeotis

199 4832 341 4920 „exinde
365 4830 537 4925 eliquoudo
560 4838 706 4923 tempore
726 4849 931 4922 quocumque
946 4827 1198 4922 requesitionem
1213 4838 1269 4899 out
1283 4827 1430 4900 molestia
1444 4854 1503 4926 per
1516 4831 1646 4911 nullum

223 4956 359 5028 modum
383 4977 443 5024 uec
466 4977 525 5049 per
548 4953 717 5028 nmium
740 4951 884 5044 personis
908 4949 1096 5049 nullumque
1119 4951 1335 5028 odimbeutom
1357 4957 1481 5030 rationo
1505 4981 1564 5032 uec
1588 4981 1646 5054 pet·

325 5081 388 5153 Vol.
414 5081 435 5151 1
440 5081 473 5152 V.
1263 5085 1287 5155 4
