4940 6518
1427 609 1545 707 (aa)

1376 887 1597 962 cclxxvffl.

639 1135 703 1208 An·
862 1133 914 1242 '†
942 1151 978 1220 ln
1002 1147 1132 1218 nominc
1155 1139 1274 1216 domini
1293 1138 1344 1214 dei
1358 1137 1445 1212 salua
1460 1137 1539 1210 toris
1560 1138 1660 1210 nostri
1674 1139 1769 1212 lhcsu
1784 1137 1922 1212 Christi:
1939 1139 2118 1236 Imperantc
2133 1146 2203 1219 do-

622 1273 729 1334 1008.
789 1273 881 1346 mino
907 1283 1019 1343 nostro
1041 1269 1155 1372 basilio
1178 1288 1298 1362 magno
1322 1266 1517 1362 imperatore
1548 1289 1632 1338 anno
1656 1266 1903 1362 quadragesimo
1930 1270 2067 1342 lroctalro
2089 1273 2145 1344 sed
2167 1280 2200 1343 et

793 1395 995 1470 constantino
1019 1396 1118 1466 irater
1142 1396 1212 1466 eius
1234 1415 1356 1489 magno
1378 1394 1571 1488 imperatore
1603 1413 1687 1464 auno
1718 1392 1964 1486 quadragesimo
1987 1396 2122 1488 quinto:
2148 1397 2200 1468 die

790 1531 903 1620 quarta
933 1525 1051 1596 mensis
1076 1520 1214 1595 ianuarii
1239 1520 1417 1593 indictione
1439 1529 1531 1592 sexta
1554 1519 1703 1614 neapoli:
1729 1519 1859 1590 Certum
1882 1528 1929 1592 est
1950 1541 2010 1592 uos
2029 1519 2200 1595 iohannem
2308 1569 2311 1574 -

789 1650 847 1744 qui
877 1647 1064 1719 nominatur
1088 1645 1129 1716 de
1153 1644 1318 1716 maroccia
1339 1643 1409 1717 filio
1430 1641 1592 1739 quondam
1621 1641 1790 1736 grimoaldi
1812 1643 1870 1736 qui
1892 1644 1954 1714 luit
1969 1645 2010 1716 (1(
2024 1667 2145 1740 capua:
2168 1659 2200 1719 et

790 1799 852 1870 ego
876 1771 1008 1864 abitabit
1031 1770 1065 1840 in
1090 1768 1162 1840 loco
1185 1767 1278 1863 puli:
1302 1777 1336 1841 et
1358 1767 1459 1840 modo
1481 1767 1603 1840 abitare
1627 1767 1740 1840 videor
1761 1767 1850 1839 intus
1863 1767 1989 1840 cahstro
2004 1791 2197 1845 cummanoa

761 1947 762 1954 κ
792 1919 857 1969 nna
882 1917 956 1967 cum
981 1913 1171 1965 consensum
1194 1899 1226 1962 et
1253 1890 1431 1964 volumtate
1453 1889 1584 1985 quidem
1612 1893 1717 1964 lasum
1739 1891 1870 1985 coniugi
1892 1915 1981 1965 meaa
2003 1895 2034 1966 A
2056 1896 2201 1989 presenti

795 2020 846 2092 die
870 2017 1106 2114 promptissima
1129 2015 1307 2088 volumtate
1329 2011 1596 2086 venumdedimns
1621 2023 1654 2084 ct
1676 2012 1864 2084 tradidimus
1879 2014 1973 2087 vohis
1990 2015 2124 2088 dririco
2139 2019 2200 2111 qui

789 2143 974 2215 nominatur
997 2141 1037 2214 de
1059 2139 1191 2212 domiuo
1217 2136 1325 2234 sergio
1341 2137 1382 2210 (1(
1398 2136 1530 2209 domino
1552 2135 1737 2232 megaluma
1763 2146 1797 2210 et
1819 2140 1978 2210 maroccia
1999 2137 2063 2211 hoc
2078 2151 2126 2212 est
2141 2142 2200 2216 iu·-

790 2271 900 2364 gales:
926 2269 990 2339 hoc
1015 2273 1064 2338 est
1085 2287 1200 2339 socero
1223 2272 1318 2338 mea:
1360 2263 1441 2336 idest
1462 2262 1586 2360 integra
1609 2261 1757 2360 portione
1779 2263 1812 2336 e't
1833 2264 2026 2357 pertinentia
2047 2289 2118 2340 mea
2141 2269 2200 2360 qni

790 2396 871 2466 milri
895 2392 1025 2465 obbenit
1047 2399 1079 2464 et
1105 2392 1243 2485 pertinet
1265 2391 1306 2462 da
1330 2399 1361 2464 te
1388 2379 1562 2464 memorata
1588 2389 1744 2463 maroocia
1770 2413 1878 2464 socera
1893 2413 1965 2462 mea
1982 2399 2016 2464 et
2030 2392 2071 2464 da
2087 2413 2199 2486 quon-

788 2523 861 2593 dam
884 2519 1022 2592 iolranne
1055 2521 1114 2615 qui
1137 2518 1322 2590 nominatur
1347 2516 1490 2611 ildiperti
1511 2539 1626 2590 socero
1647 2539 1723 2588 meo
1756 2517 1909 2591 anteriori
1936 2519 2009 2592 uiro
2032 2527 2090 2592 tuo
2112 2517 2198 2616 qnod

789 2659 836 2721 est
859 2647 898 2718 de
922 2655 1036 2744 quarta
1051 2653 1158 2742 parte:
1186 2653 1276 2740 parte
1299 2667 1364 2718 una
1386 2646 1426 2717 de
1443 2647 1568 2740 integra
1592 2667 1657 2716 una
1678 2645 1765 2738 petia
1781 2647 1821 2718 de
1836 2655 1920 2718 terra
1936 2671 2000 2744 qne
2014 2647 2199 2720 nominatur

789 2797 861 2844 cera
883 2770 1033 2866 palumbe
1056 2769 1159 2864 posita
1174 2769 1208 2842 iu
1225 2769 1338 2842 eodem
1360 2769 1434 2841 loco
1456 2769 1543 2864 puli:
1569 2793 1634 2844 una
1658 2747 1734 2839 cum
1758 2769 1926 2842 erroribus
1939 2779 1972 2842 at
1986 2793 2061 2843 cum
2084 2771 2199 2845 introi-

790 2907 861 2966 tum
884 2917 980 2968 sunm
1006 2903 1039 2966 et
1062 2893 1214 2966 omuibus
1237 2892 1299 2966 siri
1320 2891 1577 2986 pertinentibus:
1604 2893 1661 2988 qui
1683 2915 1720 2965 ra
1743 2893 1872 2965 insimul
1896 2894 2037 2988 iungitur
2065 2893 2198 2974 etindi·

792 3023 898 3094 risum
920 3021 1061 3094 rciacent
1083 3042 1158 3091 cum
1182 3019 1323 3116 reliques
1345 3018 1422 3090 alies
1444 3028 1477 3092 et
1498 3021 1610 3094 similis
1634 3031 1698 3095 tres
1721 3031 1826 3118 partes
1848 3021 1960 3096 exinde
1981 3022 2039 3117 qni
2053 3033 2199 3096 suntme

793 3158 969 3224 memorata
998 3147 1160 3220 maroccia
1191 3168 1302 3218 rocem
1326 3167 1399 3220 mea
1422 3145 1518 3219 etde
1542 3147 1673 3245 quidem
1695 3147 1850 3244 stephano
1878 3158 1911 3222 et
1932 3171 2017 3222 rona
2040 3149 2201 3246 germanis

791 3281 934 3376 cognatis
957 3280 1038 3353 meis
1062 3279 1137 3350 filiis
1163 3279 1225 3350 tuis
1249 3297 1335 3372 quet
1371 3275 1446 3348 abes
1476 3277 1519 3349 de
1548 3286 1725 3349 memorato
1757 3279 1895 3351 iohanne
1927 3279 1984 3374 qui
2014 3279 2201 3351 nominatur

792 3407 934 3500 ildiperti
955 3428 1068 3477 socero
1090 3427 1164 3478 meo
1187 3402 1340 3474 auteriori
1363 3404 1437 3474 uiro
1469 3413 1528 3476 tuo
1549 3405 1680 3477 insimul
1702 3407 1879 3502 pertinente
1902 3405 1993 3477 nebu
2017 3423 2076 3498 per
2098 3405 2200 3476 char-

791 3531 858 3602 tula
891 3528 1134 3622 comparationis
1165 3526 1282 3619 scripta
1318 3525 1581 3620 langobardisca:
1612 3553 1676 3625 qne
1704 3553 1767 3624 ego
1789 3529 1905 3602 exinde
1927 3531 2100 3626 atpreensit
2122 3553 2199 3603 cum

796 3661 976 3725 memorato
991 3651 1144 3744 stephano
1161 3649 1228 3721 filio
1247 3657 1304 3721 tuo
1320 3660 1497 3722 memorata
1512 3651 1673 3724 maroccia
1689 3675 1799 3725 socera
1813 3675 1885 3725 mea
1906 3661 2045 3750 cognato
2061 3676 2134 3728 meo
2158 3655 2199 3727 (1(

795 3775 883 3847 malo
899 3773 966 3846 filio
983 3775 1146 3869 quondam
1169 3773 1238 3869 lupi
1254 3774 1391 3846 abitante
1408 3777 1447 3847 de
1462 3799 1563 3870 capua
1577 3775 1712 3849 ciuitatis
1736 3799 1800 3850 una
1816 3799 1892 3850 cum
1906 3775 2038 3850 lioerem
2052 3790 2085 3850 et
2099 3779 2204 3850 anso·

795 3899 919 3971 tutione
942 3899 1071 3972 domini
1094 3899 1213 3972 laidolfi
1237 3899 1394 3996 principi:
1429 3923 1492 3996 que
1521 3921 1600 3972 vero
1623 3902 1691 3994 ipsa
1715 3899 1878 3972 chartula:
1908 3903 1995 3995 apud
2017 3923 2075 3974 uos
2099 3901 2199 3974 abetis

794 4049 868 4100 cum
893 4031 999 4100 omnia
1023 4053 1087 4124 quc
1110 4029 1275 4100 continete
1301 4026 1472 4100 coherente
1507 4025 1568 4099 siri
1591 4025 1721 4100 insimul
1744 4054 1764 4100 a
1786 4039 1961 4106 memorata
1977 4029 2102 4124 integra
2117 4029 2199 4126 petia

796 4153 837 4222 de
861 4162 1037 4222 memorata
1061 4160 1167 4222 terra:
1194 4172 1258 4246 que
1284 4151 1471 4224 nominatur
1494 4175 1568 4224 cera
1590 4151 1741 4248 palumlra
1754 4153 1794 4226 de
1807 4175 1875 4227 uno
1889 4154 1988 4227 latere
2008 4163 2094 4228 terra
2110 4175 2201 4250 gem-

794 4282 878 4352 musi
909 4283 948 4353 de
980 4288 1155 4352 memorato
1188 4280 1261 4351 loco
1287 4278 1377 4373 puli:
1411 4289 1444 4350 et
1470 4280 1509 4352 de
1531 4281 1595 4356 alio
1617 4280 1716 4354 latere
1740 4293 1824 4356 tura
1847 4283 1954 4358 sillicti
1976 4281 2030 4355 vel
2054 4285 2135 4356 mari
2159 4283 2200 4354 de

793 4410 863 4500 ipso
886 4406 977 4476 loco:
1002 4404 1041 4476 de
1064 4385 1130 4476 uno
1153 4405 1263 4498 capite
1288 4405 1340 4476 ria
1366 4404 1514 4499 publica:
1542 4417 1575 4480 et
1597 4406 1637 4478 de
1660 4407 1725 4480 alio
1747 4407 1852 4504 capita
1875 4417 1960 4482 terra
1983 4407 2114 4481 heredes
2130 4430 2202 4480 me-

794 4533 910 4604 morati
934 4533 1056 4606 domini
1080 4532 1176 4626 sergii
1201 4532 1241 4602 de
1266 4531 1399 4605 domino
1421 4532 1586 4628 megalum
1610 4557 1674 4629 que
1697 4536 1795 4608 modo
1819 4535 1937 4609 detinet
1951 4534 2084 4608 ecclesia
2100 4537 2202 4608 sancti

796 4661 976 4756 archangeli
999 4660 1079 4733 iuris
1102 4657 1236 4733 heredes
1253 4662 1423 4734 memorati
1440 4661 1562 4734 domiui
1578 4661 1696 4756 sergii:
1722 4661 1761 4734 de
1778 4687 1842 4760 qua
1856 4662 1956 4736 nichil
1971 4662 2071 4735 michi
2086 4661 2202 4736 exinde

797 4784 926 4879 aliquod
949 4787 1099 4858 remansit
1123 4785 1185 4857 aud
1201 4785 1377 4857 reservavit
1400 4807 1459 4864 uec
1483 4784 1517 4854 in
1531 4784 1648 4856 alienas
1664 4785 1836 4882 cuiusque:
1851 4807 2002 4881 personas
2022 4786 2110 4883 quod
2124 4786 2205 4860 absit

798 4913 929 4986 commit
952 4925 1006 4986 aut
1028 4916 1091 4988 iam
1116 4914 1284 4986 committo
1309 4920 1519 5006 potestatemr
1537 4923 1584 4985 set
1608 4937 1626 4984 a
1650 4915 1788 5009 presenti
1811 4913 1863 4986 die
1893 4921 1925 4986 et
1947 4913 2100 5010 deinques
2122 4935 2204 5008 pro-
