<?xml version="1.0" encoding="UTF-8"?>
<!DOCTYPE html PUBLIC "-//W3C//DTD XHTML 1.0 Transitional//EN"
    "http://www.w3.org/TR/xhtml1/DTD/xhtml1-transitional.dtd">
<html xmlns="http://www.w3.org/1999/xhtml" xml:lang="en" lang="en">
 <head>
  <title>
</title>
<meta http-equiv="Content-Type" content="text/html;charset=utf-8" />
  <meta name='ocr-system' content='tesseract 3.04.00' />
  <meta name='ocr-capabilities' content='ocr_page ocr_carea ocr_par ocr_line ocrx_word'/>
</head>
<body>
  <div class='ocr_page' id='page_1' title='image "./monumentaeditaa03napogoog_0113.png"; bbox 0 0 4896 6522; ppageno 0'>
   <div class='ocr_carea' id='block_1_1' title="bbox 261 1082 1869 2070">
    <p class='ocr_par' dir='ltr' id='par_1_1' title="bbox 261 1082 1869 2070">
     <span class='ocr_line' id='line_1_1' title="bbox 357 1082 1844 1202; baseline -0.006 -27"><span class='ocrx_word' id='word_1_1' title='bbox 357 1097 389 1202; x_wconf 88' lang='lat'>†</span> <span class='ocrx_word' id='word_1_2' title='bbox 412 1105 450 1175; x_wconf 92' lang='lat' dir='ltr'><strong>ln</strong></span> <span class='ocrx_word' id='word_1_3' title='bbox 473 1102 607 1174; x_wconf 93' lang='lat' dir='ltr'><strong>nomine</strong></span> <span class='ocrx_word' id='word_1_4' title='bbox 631 1099 756 1173; x_wconf 91' lang='lat' dir='ltr'><strong>domini</strong></span> <span class='ocrx_word' id='word_1_5' title='bbox 779 1100 832 1172; x_wconf 89' lang='lat' dir='ltr'><strong>dei</strong></span> <span class='ocrx_word' id='word_1_6' title='bbox 854 1102 1022 1174; x_wconf 83' lang='lat' dir='ltr'><strong>salvatoris</strong></span> <span class='ocrx_word' id='word_1_7' title='bbox 1045 1103 1147 1174; x_wconf 84' lang='lat' dir='ltr'><strong>nostri</strong></span> <span class='ocrx_word' id='word_1_8' title='bbox 1170 1082 1266 1175; x_wconf 80' lang='lat' dir='ltr'><strong>Ihesu</strong></span> <span class='ocrx_word' id='word_1_9' title='bbox 1288 1103 1406 1176; x_wconf 77' lang='lat' dir='ltr'>Christi</span> <span class='ocrx_word' id='word_1_10' title='bbox 1425 1107 1605 1198; x_wconf 86' lang='lat' dir='ltr'><strong>Imperante</strong></span> <span class='ocrx_word' id='word_1_11' title='bbox 1629 1098 1688 1174; x_wconf 88' lang='lat' dir='ltr'><strong>do·</strong></span> <span class='ocrx_word' id='word_1_12' title='bbox 1774 1099 1844 1168; x_wconf 85' lang='lat' dir='ltr'><strong>An.</strong></span> 
     </span>
     <span class='ocr_line' id='line_1_2' title="bbox 263 1226 1869 1324; baseline -0.001 -24"><span class='ocrx_word' id='word_1_13' title='bbox 263 1231 355 1302; x_wconf 87' lang='lat' dir='ltr'><strong>mino</strong></span> <span class='ocrx_word' id='word_1_14' title='bbox 372 1237 483 1302; x_wconf 85' lang='lat' dir='ltr'><strong>nostro</strong></span> <span class='ocrx_word' id='word_1_15' title='bbox 497 1226 614 1298; x_wconf 91' lang='lat' dir='ltr'><strong>basilio</strong></span> <span class='ocrx_word' id='word_1_16' title='bbox 629 1248 749 1321; x_wconf 76' lang='lat' dir='ltr'><strong>magno</strong></span> <span class='ocrx_word' id='word_1_17' title='bbox 763 1227 959 1321; x_wconf 76' lang='lat' dir='ltr'><strong>imperatore</strong></span> <span class='ocrx_word' id='word_1_18' title='bbox 975 1252 1060 1300; x_wconf 88' lang='lat' dir='ltr'><strong>anno</strong></span> <span class='ocrx_word' id='word_1_19' title='bbox 1075 1228 1356 1324; x_wconf 82' lang='lat' dir='ltr'><strong>quimquagesimo</strong></span> <span class='ocrx_word' id='word_1_20' title='bbox 1374 1232 1470 1302; x_wconf 88' lang='lat' dir='ltr'><strong>tertio</strong></span> <span class='ocrx_word' id='word_1_21' title='bbox 1485 1231 1541 1302; x_wconf 87' lang='lat' dir='ltr'><strong>scd</strong></span> <span class='ocrx_word' id='word_1_22' title='bbox 1555 1239 1588 1301; x_wconf 90' lang='lat' dir='ltr'><strong>et</strong></span> <span class='ocrx_word' id='word_1_23' title='bbox 1602 1253 1687 1301; x_wconf 89' lang='lat' dir='ltr'><strong>con·</strong></span> <span class='ocrx_word' id='word_1_24' title='bbox 1764 1233 1869 1292; x_wconf 75' lang='lat'>1012.</span> 
     </span>
     <span class='ocr_line' id='line_1_3' title="bbox 263 1347 1687 1444; baseline -0.003 -22"><span class='ocrx_word' id='word_1_25' title='bbox 263 1351 406 1424; x_wconf 89' lang='lat' dir='ltr'><strong>stantino</strong></span> <span class='ocrx_word' id='word_1_26' title='bbox 438 1353 537 1422; x_wconf 87' lang='lat' dir='ltr'><strong>frater</strong></span> <span class='ocrx_word' id='word_1_27' title='bbox 570 1353 639 1421; x_wconf 91' lang='lat' dir='ltr'><strong>eius</strong></span> <span class='ocrx_word' id='word_1_28' title='bbox 670 1369 789 1440; x_wconf 83' lang='lat' dir='ltr'><strong>magno</strong></span> <span class='ocrx_word' id='word_1_29' title='bbox 812 1347 1008 1441; x_wconf 80' lang='lat' dir='ltr'><strong>imperatore</strong></span> <span class='ocrx_word' id='word_1_30' title='bbox 1032 1369 1118 1418; x_wconf 91' lang='lat' dir='ltr'><strong>anno</strong></span> <span class='ocrx_word' id='word_1_31' title='bbox 1141 1349 1442 1444; x_wconf 81' lang='lat' dir='ltr'><strong>quimquagesimo:</strong></span> <span class='ocrx_word' id='word_1_32' title='bbox 1467 1351 1530 1422; x_wconf 92' lang='lat' dir='ltr'><strong>Die</strong></span> <span class='ocrx_word' id='word_1_33' title='bbox 1545 1351 1687 1442; x_wconf 85' lang='lat' dir='ltr'><strong>septima</strong></span> 
     </span>
     <span class='ocr_line' id='line_1_4' title="bbox 265 1471 1686 1563; baseline -0.003 -15"><span class='ocrx_word' id='word_1_34' title='bbox 265 1477 391 1550; x_wconf 88' lang='lat' dir='ltr'><strong>decima</strong></span> <span class='ocrx_word' id='word_1_35' title='bbox 413 1477 531 1547; x_wconf 88' lang='lat' dir='ltr'><strong>mensis</strong></span> <span class='ocrx_word' id='word_1_36' title='bbox 554 1473 691 1547; x_wconf 85' lang='lat' dir='ltr'><strong>ianuarii</strong></span> <span class='ocrx_word' id='word_1_37' title='bbox 716 1471 890 1544; x_wconf 78' lang='lat' dir='ltr'><strong>indictione</strong></span> <span class='ocrx_word' id='word_1_38' title='bbox 913 1473 1084 1542; x_wconf 79' lang='lat' dir='ltr'><strong>undecima</strong></span> <span class='ocrx_word' id='word_1_39' title='bbox 1108 1473 1258 1563; x_wconf 89' lang='lat' dir='ltr'><strong>neapoli:</strong></span> <span class='ocrx_word' id='word_1_40' title='bbox 1284 1475 1417 1545; x_wconf 84' lang='lat' dir='ltr'><strong>Certum</strong></span> <span class='ocrx_word' id='word_1_41' title='bbox 1433 1484 1481 1546; x_wconf 92' lang='lat' dir='ltr'><strong>est</strong></span> <span class='ocrx_word' id='word_1_42' title='bbox 1496 1499 1549 1544; x_wconf 90' lang='lat' dir='ltr'><strong>me</strong></span> <span class='ocrx_word' id='word_1_43' title='bbox 1565 1473 1686 1546; x_wconf 92' lang='lat' dir='ltr'><strong>iohan-</strong></span> 
     </span>
     <span class='ocr_line' id='line_1_5' title="bbox 266 1591 1721 1690; baseline 0 -20"><span class='ocrx_word' id='word_1_44' title='bbox 266 1621 342 1670; x_wconf 86' lang='lat' dir='ltr'><strong>nem</strong></span> <span class='ocrx_word' id='word_1_45' title='bbox 364 1597 535 1672; x_wconf 82' lang='lat' dir='ltr'><strong>ferrarium</strong></span> <span class='ocrx_word' id='word_1_46' title='bbox 557 1595 662 1668; x_wconf 85' lang='lat' dir='ltr'><strong>filium</strong></span> <span class='ocrx_word' id='word_1_47' title='bbox 684 1593 849 1690; x_wconf 86' lang='lat' dir='ltr'><strong>quondam</strong></span> <span class='ocrx_word' id='word_1_48' title='bbox 865 1593 959 1666; x_wconf 84' lang='lat' dir='ltr'><strong>iconi</strong></span> <span class='ocrx_word' id='word_1_49' title='bbox 981 1591 1107 1664; x_wconf 84' lang='lat' dir='ltr'><strong>ferrarii</strong></span> <span class='ocrx_word' id='word_1_50' title='bbox 1140 1593 1199 1687; x_wconf 91' lang='lat' dir='ltr'><strong>qui</strong></span> <span class='ocrx_word' id='word_1_51' title='bbox 1223 1615 1320 1685; x_wconf 90' lang='lat' dir='ltr'><strong>snper</strong></span> <span class='ocrx_word' id='word_1_52' title='bbox 1342 1618 1462 1666; x_wconf 91' lang='lat' dir='ltr'><strong>nomen</strong></span> <span class='ocrx_word' id='word_1_53' title='bbox 1493 1619 1594 1668; x_wconf 88' lang='lat' dir='ltr'><strong>sacco.</strong></span> <span class='ocrx_word' id='word_1_54' title='bbox 1619 1623 1683 1672; x_wconf 90' lang='lat' dir='ltr'><strong>uua</strong></span> <span class='ocrx_word' id='word_1_55' title='bbox 1719 1599 1721 1608; x_wconf 87' lang='lat'>&#39;</span> 
     </span>
     <span class='ocr_line' id='line_1_6' title="bbox 264 1718 1684 1814; baseline -0.001 -18"><span class='ocrx_word' id='word_1_56' title='bbox 264 1747 341 1796; x_wconf 91' lang='lat' dir='ltr'><strong>cnm</strong></span> <span class='ocrx_word' id='word_1_57' title='bbox 365 1747 557 1796; x_wconf 87' lang='lat' dir='ltr'><strong>consensum</strong></span> <span class='ocrx_word' id='word_1_58' title='bbox 579 1724 681 1796; x_wconf 92' lang='lat' dir='ltr'><strong>maria</strong></span> <span class='ocrx_word' id='word_1_59' title='bbox 704 1723 825 1794; x_wconf 86' lang='lat' dir='ltr'><strong>coniux</strong></span> <span class='ocrx_word' id='word_1_60' title='bbox 848 1744 942 1794; x_wconf 85' lang='lat' dir='ltr'><strong>mea:</strong></span> <span class='ocrx_word' id='word_1_61' title='bbox 968 1721 1000 1792; x_wconf 83' lang='lat' dir='ltr'>A</span> <span class='ocrx_word' id='word_1_62' title='bbox 1021 1718 1161 1814; x_wconf 86' lang='lat' dir='ltr'><strong>presenti</strong></span> <span class='ocrx_word' id='word_1_63' title='bbox 1184 1718 1237 1788; x_wconf 88' lang='lat' dir='ltr'><strong>die</strong></span> <span class='ocrx_word' id='word_1_64' title='bbox 1260 1718 1500 1812; x_wconf 88' lang='lat' dir='ltr'><strong>promptissima</strong></span> <span class='ocrx_word' id='word_1_65' title='bbox 1516 1721 1684 1796; x_wconf 88' lang='lat' dir='ltr'><strong>voluntate</strong></span> 
     </span>
     <span class='ocr_line' id='line_1_7' title="bbox 261 1844 1680 1942; baseline -0.005 -17"><span class='ocrx_word' id='word_1_66' title='bbox 261 1850 455 1925; x_wconf 82' lang='lat' dir='ltr'><strong>venumdedi</strong></span> <span class='ocrx_word' id='word_1_67' title='bbox 479 1859 512 1922; x_wconf 88' lang='lat' dir='ltr'><strong>et</strong></span> <span class='ocrx_word' id='word_1_68' title='bbox 534 1851 651 1922; x_wconf 89' lang='lat' dir='ltr'><strong>tradidi</strong></span> <span class='ocrx_word' id='word_1_69' title='bbox 667 1850 728 1939; x_wconf 78' lang='lat' dir='ltr'><strong>tivi</strong></span> <span class='ocrx_word' id='word_1_70' title='bbox 742 1849 836 1922; x_wconf 90' lang='lat' dir='ltr'><strong>leone</strong></span> <span class='ocrx_word' id='word_1_71' title='bbox 850 1848 988 1920; x_wconf 81' lang='lat' dir='ltr'><strong>ferrario</strong></span> <span class='ocrx_word' id='word_1_72' title='bbox 1003 1847 1062 1942; x_wconf 86' lang='lat' dir='ltr'><strong>qui</strong></span> <span class='ocrx_word' id='word_1_73' title='bbox 1078 1844 1264 1918; x_wconf 89' lang='lat' dir='ltr'><strong>nominatur</strong></span> <span class='ocrx_word' id='word_1_74' title='bbox 1281 1845 1456 1940; x_wconf 87' lang='lat' dir='ltr'><strong>papaleono</strong></span> <span class='ocrx_word' id='word_1_75' title='bbox 1470 1849 1680 1939; x_wconf 84' lang='lat' dir='ltr'><strong>proeredelio</strong></span> 
     </span>
     <span class='ocr_line' id='line_1_8' title="bbox 261 1973 1682 2070; baseline 0.004 -27"><span class='ocrx_word' id='word_1_76' title='bbox 261 1993 514 2067; x_wconf 85' lang='lat' dir='ltr'><strong>germanomeo</strong></span> <span class='ocrx_word' id='word_1_77' title='bbox 536 1973 606 2046; x_wconf 85' lang='lat' dir='ltr'><strong>filio</strong></span> <span class='ocrx_word' id='word_1_78' title='bbox 629 1977 791 2070; x_wconf 84' lang='lat' dir='ltr'><strong>qnondam</strong></span> <span class='ocrx_word' id='word_1_79' title='bbox 817 1973 962 2070; x_wconf 76' lang='lat' dir='ltr'><strong>gregorii</strong></span> <span class='ocrx_word' id='word_1_80' title='bbox 986 1975 1134 2046; x_wconf 82' lang='lat' dir='ltr'><strong>ferrarii:</strong></span> <span class='ocrx_word' id='word_1_81' title='bbox 1170 1977 1254 2048; x_wconf 86' lang='lat' dir='ltr'><strong>ldest</strong></span> <span class='ocrx_word' id='word_1_82' title='bbox 1276 1977 1430 2049; x_wconf 82' lang='lat' dir='ltr'><strong>inferiora</strong></span> <span class='ocrx_word' id='word_1_83' title='bbox 1465 1973 1594 2046; x_wconf 89' lang='lat' dir='ltr'><strong>cellarei</strong></span> <span class='ocrx_word' id='word_1_84' title='bbox 1619 1978 1682 2048; x_wconf 85' lang='lat' dir='ltr'><strong>mci</strong></span> 
     </span>
    </p>
   </div>
   <div class='ocr_carea' id='block_1_2' title="bbox 256 2099 1680 2816">
    <p class='ocr_par' dir='ltr' id='par_1_2' title="bbox 256 2099 1680 2816">
     <span class='ocr_line' id='line_1_9' title="bbox 259 2099 1680 2197; baseline -0.001 -25"><span class='ocrx_word' id='word_1_85' title='bbox 259 2099 316 2194; x_wconf 84' lang='lat' dir='ltr'><strong>qni</strong></span> <span class='ocrx_word' id='word_1_86' title='bbox 339 2107 387 2172; x_wconf 90' lang='lat' dir='ltr'><strong>est</strong></span> <span class='ocrx_word' id='word_1_87' title='bbox 409 2100 596 2172; x_wconf 87' lang='lat' dir='ltr'><strong>constitutas</strong></span> <span class='ocrx_word' id='word_1_88' title='bbox 627 2109 741 2197; x_wconf 81' lang='lat' dir='ltr'><strong>suptus</strong></span> <span class='ocrx_word' id='word_1_89' title='bbox 773 2100 937 2174; x_wconf 90' lang='lat' dir='ltr'><strong>solarenm</strong></span> <span class='ocrx_word' id='word_1_90' title='bbox 973 2107 1066 2172; x_wconf 85' lang='lat' dir='ltr'><strong>tunm</strong></span> <span class='ocrx_word' id='word_1_91' title='bbox 1091 2105 1262 2174; x_wconf 87' lang='lat' dir='ltr'><strong>memorati</strong></span> <span class='ocrx_word' id='word_1_92' title='bbox 1285 2103 1373 2175; x_wconf 92' lang='lat' dir='ltr'><strong>leoni</strong></span> <span class='ocrx_word' id='word_1_93' title='bbox 1395 2101 1545 2174; x_wconf 80' lang='lat' dir='ltr'><strong>ferrarii:</strong></span> <span class='ocrx_word' id='word_1_94' title='bbox 1581 2100 1680 2194; x_wconf 86' lang='lat' dir='ltr'><strong>positi</strong></span> 
     </span>
     <span class='ocr_line' id='line_1_10' title="bbox 257 2221 1679 2316; baseline 0.001 -24"><span class='ocrx_word' id='word_1_95' title='bbox 257 2243 336 2292; x_wconf 82' lang='lat' dir='ltr'><strong>roro</strong></span> <span class='ocrx_word' id='word_1_96' title='bbox 360 2223 445 2294; x_wconf 81' lang='lat' dir='ltr'><strong>ictus</strong></span> <span class='ocrx_word' id='word_1_97' title='bbox 467 2221 551 2296; x_wconf 84' lang='lat' dir='ltr'><strong>hanc</strong></span> <span class='ocrx_word' id='word_1_98' title='bbox 577 2223 741 2296; x_wconf 82' lang='lat' dir='ltr'><strong>civitatem</strong></span> <span class='ocrx_word' id='word_1_99' title='bbox 763 2221 909 2315; x_wconf 89' lang='lat' dir='ltr'><strong>neapolis</strong></span> <span class='ocrx_word' id='word_1_100' title='bbox 933 2223 1021 2294; x_wconf 87' lang='lat' dir='ltr'><strong>intus</strong></span> <span class='ocrx_word' id='word_1_101' title='bbox 1044 2228 1136 2293; x_wconf 89' lang='lat' dir='ltr'><strong>curte</strong></span> <span class='ocrx_word' id='word_1_102' title='bbox 1159 2243 1358 2296; x_wconf 83' lang='lat' dir='ltr'><strong>commune:</strong></span> <span class='ocrx_word' id='word_1_103' title='bbox 1388 2246 1453 2296; x_wconf 89' lang='lat' dir='ltr'><strong>nna</strong></span> <span class='ocrx_word' id='word_1_104' title='bbox 1476 2245 1552 2297; x_wconf 92' lang='lat' dir='ltr'><strong>cnm</strong></span> <span class='ocrx_word' id='word_1_105' title='bbox 1577 2245 1679 2316; x_wconf 89' lang='lat' dir='ltr'><strong>aspa-</strong></span> 
     </span>
     <span class='ocr_line' id='line_1_11' title="bbox 259 2346 1678 2446; baseline 0.001 -26"><span class='ocrx_word' id='word_1_106' title='bbox 259 2346 364 2446; x_wconf 82' lang='lat' dir='ltr'><strong>ctihns</strong></span> <span class='ocrx_word' id='word_1_107' title='bbox 387 2352 454 2422; x_wconf 79' lang='lat' dir='ltr'><strong>sois</strong></span> <span class='ocrx_word' id='word_1_108' title='bbox 476 2363 506 2424; x_wconf 85' lang='lat' dir='ltr'><strong>at</strong></span> <span class='ocrx_word' id='word_1_109' title='bbox 529 2375 599 2424; x_wconf 78' lang='lat' dir='ltr'><strong>casm</strong></span> <span class='ocrx_word' id='word_1_110' title='bbox 621 2350 790 2424; x_wconf 87' lang='lat' dir='ltr'><strong>introitum</strong></span> <span class='ocrx_word' id='word_1_111' title='bbox 814 2369 911 2420; x_wconf 92' lang='lat' dir='ltr'><strong>snum</strong></span> <span class='ocrx_word' id='word_1_112' title='bbox 933 2349 1003 2442; x_wconf 88' lang='lat' dir='ltr'><strong>ipsa</strong></span> <span class='ocrx_word' id='word_1_113' title='bbox 1027 2355 1119 2422; x_wconf 88' lang='lat' dir='ltr'><strong>curte</strong></span> <span class='ocrx_word' id='word_1_114' title='bbox 1145 2372 1283 2422; x_wconf 86' lang='lat' dir='ltr'><strong>comune</strong></span> <span class='ocrx_word' id='word_1_115' title='bbox 1306 2357 1340 2421; x_wconf 92' lang='lat' dir='ltr'><strong>et</strong></span> <span class='ocrx_word' id='word_1_116' title='bbox 1355 2373 1414 2444; x_wconf 89' lang='lat' dir='ltr'><strong>per</strong></span> <span class='ocrx_word' id='word_1_117' title='bbox 1429 2351 1521 2444; x_wconf 81' lang='lat' dir='ltr'><strong>regia</strong></span> <span class='ocrx_word' id='word_1_118' title='bbox 1544 2351 1678 2446; x_wconf 90' lang='lat' dir='ltr'><strong>propria</strong></span> 
     </span>
     <span class='ocr_line' id='line_1_12' title="bbox 257 2475 1677 2571; baseline 0.001 -26"><span class='ocrx_word' id='word_1_119' title='bbox 257 2495 331 2545; x_wconf 91' lang='lat' dir='ltr'><strong>moa</strong></span> <span class='ocrx_word' id='word_1_120' title='bbox 353 2477 412 2571; x_wconf 79' lang='lat' dir='ltr'><strong>qui</strong></span> <span class='ocrx_word' id='word_1_121' title='bbox 436 2483 484 2548; x_wconf 90' lang='lat' dir='ltr'><strong>est</strong></span> <span class='ocrx_word' id='word_1_122' title='bbox 503 2485 577 2571; x_wconf 88' lang='lat' dir='ltr'><strong>post</strong></span> <span class='ocrx_word' id='word_1_123' title='bbox 598 2477 734 2550; x_wconf 92' lang='lat' dir='ltr'><strong>harcum</strong></span> <span class='ocrx_word' id='word_1_124' title='bbox 758 2483 791 2547; x_wconf 89' lang='lat' dir='ltr'><strong>ct</strong></span> <span class='ocrx_word' id='word_1_125' title='bbox 814 2476 914 2570; x_wconf 73' lang='lat' dir='ltr'><strong>grado</strong></span> <span class='ocrx_word' id='word_1_126' title='bbox 943 2496 1126 2546; x_wconf 78' lang='lat' dir='ltr'><strong>marmoree</strong></span> <span class='ocrx_word' id='word_1_127' title='bbox 1157 2475 1368 2568; x_wconf 82' lang='lat' dir='ltr'><strong>proprietas</strong></span> <span class='ocrx_word' id='word_1_128' title='bbox 1391 2475 1565 2554; x_wconf 82' lang='lat' dir='ltr'><strong>memorati</strong></span> <span class='ocrx_word' id='word_1_129' title='bbox 1588 2476 1677 2546; x_wconf 83' lang='lat' dir='ltr'><strong>teoni</strong></span> 
     </span>
     <span class='ocr_line' id='line_1_13' title="bbox 261 2591 1671 2692; baseline -0.001 -25"><span class='ocrx_word' id='word_1_130' title='bbox 261 2595 409 2668; x_wconf 72' lang='lat' dir='ltr'><strong>terrarii:</strong></span> <span class='ocrx_word' id='word_1_131' title='bbox 434 2605 468 2668; x_wconf 93' lang='lat' dir='ltr'><strong>et</strong></span> <span class='ocrx_word' id='word_1_132' title='bbox 489 2599 639 2670; x_wconf 91' lang='lat' dir='ltr'><strong>omnihus</strong></span> <span class='ocrx_word' id='word_1_133' title='bbox 662 2599 723 2672; x_wconf 82' lang='lat' dir='ltr'><strong>siai</strong></span> <span class='ocrx_word' id='word_1_134' title='bbox 736 2593 990 2692; x_wconf 80' lang='lat' dir='ltr'><strong>pertinentibus:</strong></span> <span class='ocrx_word' id='word_1_135' title='bbox 1013 2591 1194 2687; x_wconf 87' lang='lat' dir='ltr'><strong>pertinente</strong></span> <span class='ocrx_word' id='word_1_136' title='bbox 1210 2593 1291 2664; x_wconf 92' lang='lat' dir='ltr'><strong>mihi</strong></span> <span class='ocrx_word' id='word_1_137' title='bbox 1314 2616 1373 2688; x_wconf 87' lang='lat' dir='ltr'><strong>per</strong></span> <span class='ocrx_word' id='word_1_138' title='bbox 1395 2602 1487 2688; x_wconf 88' lang='lat' dir='ltr'><strong>parte</strong></span> <span class='ocrx_word' id='word_1_139' title='bbox 1511 2603 1671 2688; x_wconf 88' lang='lat' dir='ltr'><strong>parento-</strong></span> 
     </span>
     <span class='ocr_line' id='line_1_14' title="bbox 256 2714 1674 2816; baseline -0.002 -27"><span class='ocrx_word' id='word_1_140' title='bbox 256 2741 332 2791; x_wconf 88' lang='lat' dir='ltr'><strong>rnm</strong></span> <span class='ocrx_word' id='word_1_141' title='bbox 355 2740 523 2792; x_wconf 86' lang='lat' dir='ltr'><strong>meorum:</strong></span> <span class='ocrx_word' id='word_1_142' title='bbox 547 2722 720 2796; x_wconf 83' lang='lat' dir='ltr'><strong>coherente</strong></span> <span class='ocrx_word' id='word_1_143' title='bbox 742 2721 805 2793; x_wconf 84' lang='lat' dir='ltr'><strong>sivi</strong></span> <span class='ocrx_word' id='word_1_144' title='bbox 821 2745 841 2790; x_wconf 89' lang='lat' dir='ltr'><strong>a</strong></span> <span class='ocrx_word' id='word_1_145' title='bbox 856 2725 946 2816; x_wconf 88' lang='lat' dir='ltr'><strong>parte</strong></span> <span class='ocrx_word' id='word_1_146' title='bbox 969 2714 1127 2788; x_wconf 89' lang='lat' dir='ltr'><strong>horientis</strong></span> <span class='ocrx_word' id='word_1_147' title='bbox 1151 2721 1199 2788; x_wconf 84' lang='lat' dir='ltr'><strong>est</strong></span> <span class='ocrx_word' id='word_1_148' title='bbox 1221 2715 1367 2790; x_wconf 86' lang='lat' dir='ltr'><strong>anditum</strong></span> <span class='ocrx_word' id='word_1_149' title='bbox 1389 2717 1448 2810; x_wconf 90' lang='lat' dir='ltr'><strong>qui</strong></span> <span class='ocrx_word' id='word_1_150' title='bbox 1472 2716 1613 2810; x_wconf 80' lang='lat' dir='ltr'><strong>ingredit</strong></span> <span class='ocrx_word' id='word_1_151' title='bbox 1641 2723 1674 2788; x_wconf 91' lang='lat' dir='ltr'><strong>at</strong></span> 
     </span>
    </p>
   </div>
   <div class='ocr_carea' id='block_1_3' title="bbox 235 2836 1698 4812">
    <p class='ocr_par' dir='ltr' id='par_1_3' title="bbox 235 2836 1698 4812">
     <span class='ocr_line' id='line_1_15' title="bbox 253 2836 1679 2943; baseline -0.004 -30"><span class='ocrx_word' id='word_1_152' title='bbox 253 2839 386 2914; x_wconf 89' lang='lat' dir='ltr'><strong>domum</strong></span> <span class='ocrx_word' id='word_1_153' title='bbox 411 2843 568 2916; x_wconf 86' lang='lat' dir='ltr'><strong>heredum</strong></span> <span class='ocrx_word' id='word_1_154' title='bbox 598 2844 761 2940; x_wconf 84' lang='lat' dir='ltr'><strong>quondum</strong></span> <span class='ocrx_word' id='word_1_155' title='bbox 790 2840 925 2913; x_wconf 89' lang='lat' dir='ltr'><strong>iohanni</strong></span> <span class='ocrx_word' id='word_1_156' title='bbox 946 2838 1075 2912; x_wconf 77' lang='lat' dir='ltr'><strong>ferrarii</strong></span> <span class='ocrx_word' id='word_1_157' title='bbox 1097 2837 1156 2934; x_wconf 87' lang='lat' dir='ltr'><strong>qni</strong></span> <span class='ocrx_word' id='word_1_158' title='bbox 1180 2836 1468 2943; x_wconf 73' lang='lat' dir='ltr'><strong>cognominabatur</strong></span> <span class='ocrx_word' id='word_1_159' title='bbox 1490 2836 1679 2933; x_wconf 86' lang='lat' dir='ltr'><strong>papalaone-</strong></span> 
     </span>
     <span class='ocr_line' id='line_1_16' title="bbox 253 2960 1674 3060; baseline -0.005 -23"><span class='ocrx_word' id='word_1_160' title='bbox 253 2965 463 3057; x_wconf 86' lang='lat' dir='ltr'><strong>proexadelio</strong></span> <span class='ocrx_word' id='word_1_161' title='bbox 486 2987 641 3060; x_wconf 80' lang='lat' dir='ltr'><strong>germano</strong></span> <span class='ocrx_word' id='word_1_162' title='bbox 668 2972 781 3036; x_wconf 78' lang='lat' dir='ltr'><strong>nosho</strong></span> <span class='ocrx_word' id='word_1_163' title='bbox 803 2961 900 3034; x_wconf 80' lang='lat' dir='ltr'><strong>sicmi</strong></span> <span class='ocrx_word' id='word_1_164' title='bbox 923 2960 1009 3032; x_wconf 87' lang='lat' dir='ltr'><strong>inter</strong></span> <span class='ocrx_word' id='word_1_165' title='bbox 1033 2981 1068 3032; x_wconf 88' lang='lat' dir='ltr'><strong>se</strong></span> <span class='ocrx_word' id='word_1_166' title='bbox 1090 2960 1246 3053; x_wconf 88' lang='lat' dir='ltr'><strong>parietem</strong></span> <span class='ocrx_word' id='word_1_167' title='bbox 1271 2982 1444 3033; x_wconf 91' lang='lat' dir='ltr'><strong>comunem</strong></span> <span class='ocrx_word' id='word_1_168' title='bbox 1469 2961 1609 3037; x_wconf 84' lang='lat' dir='ltr'><strong>exfinat:</strong></span> <span class='ocrx_word' id='word_1_169' title='bbox 1641 2969 1674 3031; x_wconf 87' lang='lat' dir='ltr'><strong>et</strong></span> 
     </span>
     <span class='ocr_line' id='line_1_17' title="bbox 253 3082 1673 3180; baseline 0.001 -26"><span class='ocrx_word' id='word_1_170' title='bbox 253 3097 386 3180; x_wconf 79' lang='lat' dir='ltr'><strong>sparta</strong></span> <span class='ocrx_word' id='word_1_171' title='bbox 415 3087 614 3158; x_wconf 89' lang='lat' dir='ltr'><strong>hoccidentis</strong></span> <span class='ocrx_word' id='word_1_172' title='bbox 644 3086 818 3160; x_wconf 87' lang='lat' dir='ltr'><strong>cellareum</strong></span> <span class='ocrx_word' id='word_1_173' title='bbox 850 3083 964 3158; x_wconf 92' lang='lat' dir='ltr'><strong>domui</strong></span> <span class='ocrx_word' id='word_1_174' title='bbox 995 3091 1051 3155; x_wconf 90' lang='lat' dir='ltr'><strong>tne</strong></span> <span class='ocrx_word' id='word_1_175' title='bbox 1080 3082 1251 3156; x_wconf 89' lang='lat' dir='ltr'><strong>memorati</strong></span> <span class='ocrx_word' id='word_1_176' title='bbox 1279 3083 1368 3156; x_wconf 93' lang='lat' dir='ltr'><strong>leoni</strong></span> <span class='ocrx_word' id='word_1_177' title='bbox 1392 3087 1488 3160; x_wconf 89' lang='lat' dir='ltr'><strong>sicuti</strong></span> <span class='ocrx_word' id='word_1_178' title='bbox 1521 3086 1673 3158; x_wconf 89' lang='lat' dir='ltr'><strong>similiter</strong></span> 
     </span>
     <span class='ocr_line' id='line_1_18' title="bbox 254 3209 1674 3308; baseline 0.005 -28"><span class='ocrx_word' id='word_1_179' title='bbox 254 3210 415 3302; x_wconf 86' lang='lat' dir='ltr'><strong>parietem</strong></span> <span class='ocrx_word' id='word_1_180' title='bbox 448 3209 578 3280; x_wconf 84' lang='lat' dir='ltr'><strong>exfinet.</strong></span> <span class='ocrx_word' id='word_1_181' title='bbox 607 3213 648 3284; x_wconf 93' lang='lat' dir='ltr'><strong>de</strong></span> <span class='ocrx_word' id='word_1_182' title='bbox 682 3219 790 3284; x_wconf 87' lang='lat' dir='ltr'><strong>autem</strong></span> <span class='ocrx_word' id='word_1_183' title='bbox 812 3209 914 3304; x_wconf 67' lang='lat' dir='ltr'><strong>{parte</strong></span> <span class='ocrx_word' id='word_1_184' title='bbox 951 3209 1179 3304; x_wconf 78' lang='lat' dir='ltr'><strong>septentrionis</strong></span> <span class='ocrx_word' id='word_1_185' title='bbox 1209 3217 1301 3286; x_wconf 91' lang='lat' dir='ltr'><strong>curte</strong></span> <span class='ocrx_word' id='word_1_186' title='bbox 1325 3219 1358 3282; x_wconf 92' lang='lat' dir='ltr'><strong>et</strong></span> <span class='ocrx_word' id='word_1_187' title='bbox 1380 3213 1481 3308; x_wconf 83' lang='lat' dir='ltr'><strong>grado</strong></span> <span class='ocrx_word' id='word_1_188' title='bbox 1509 3214 1549 3284; x_wconf 90' lang='lat' dir='ltr'><strong>de</strong></span> <span class='ocrx_word' id='word_1_189' title='bbox 1573 3214 1674 3307; x_wconf 87' lang='lat' dir='ltr'><strong>ipsius</strong></span> 
     </span>
     <span class='ocr_line' id='line_1_19' title="bbox 254 3333 1674 3435; baseline 0.006 -31"><span class='ocrx_word' id='word_1_190' title='bbox 254 3333 370 3406; x_wconf 88' lang='lat' dir='ltr'><strong>domui</strong></span> <span class='ocrx_word' id='word_1_191' title='bbox 400 3337 571 3408; x_wconf 86' lang='lat' dir='ltr'><strong>memorati</strong></span> <span class='ocrx_word' id='word_1_192' title='bbox 602 3337 736 3409; x_wconf 86' lang='lat' dir='ltr'><strong>heredes</strong></span> <span class='ocrx_word' id='word_1_193' title='bbox 758 3337 932 3430; x_wconf 85' lang='lat' dir='ltr'><strong>quondam·</strong></span> <span class='ocrx_word' id='word_1_194' title='bbox 955 3337 1089 3408; x_wconf 89' lang='lat' dir='ltr'><strong>iohanni</strong></span> <span class='ocrx_word' id='word_1_195' title='bbox 1119 3338 1245 3410; x_wconf 75' lang='lat' dir='ltr'><strong>ferrarii</strong></span> <span class='ocrx_word' id='word_1_196' title='bbox 1273 3338 1485 3432; x_wconf 81' lang='lat' dir='ltr'><strong>proeredelio</strong></span> <span class='ocrx_word' id='word_1_197' title='bbox 1516 3363 1674 3435; x_wconf 83' lang='lat' dir='ltr'><strong>germano</strong></span> 
     </span>
     <span class='ocr_line' id='line_1_20' title="bbox 252 3461 1671 3558; baseline 0.008 -28"><span class='ocrx_word' id='word_1_198' title='bbox 252 3465 364 3530; x_wconf 89' lang='lat' dir='ltr'><strong>nostro</strong></span> <span class='ocrx_word' id='word_1_199' title='bbox 385 3479 445 3532; x_wconf 86' lang='lat' dir='ltr'><strong>sen</strong></span> <span class='ocrx_word' id='word_1_200' title='bbox 468 3468 501 3531; x_wconf 91' lang='lat' dir='ltr'><strong>et</strong></span> <span class='ocrx_word' id='word_1_201' title='bbox 522 3461 557 3532; x_wconf 92' lang='lat' dir='ltr'><strong>in</strong></span> <span class='ocrx_word' id='word_1_202' title='bbox 580 3461 786 3558; x_wconf 80' lang='lat' dir='ltr'><strong>aliquantum</strong></span> <span class='ocrx_word' id='word_1_203' title='bbox 802 3461 930 3534; x_wconf 84' lang='lat' dir='ltr'><strong>cellarci</strong></span> <span class='ocrx_word' id='word_1_204' title='bbox 955 3461 1004 3534; x_wconf 91' lang='lat' dir='ltr'><strong>tui</strong></span> <span class='ocrx_word' id='word_1_205' title='bbox 1029 3465 1200 3538; x_wconf 83' lang='lat' dir='ltr'><strong>memorati</strong></span> <span class='ocrx_word' id='word_1_206' title='bbox 1222 3464 1311 3537; x_wconf 88' lang='lat' dir='ltr'><strong>leoni</strong></span> <span class='ocrx_word' id='word_1_207' title='bbox 1333 3467 1471 3538; x_wconf 88' lang='lat' dir='ltr'><strong>ferrarii.</strong></span> <span class='ocrx_word' id='word_1_208' title='bbox 1495 3469 1592 3538; x_wconf 89' lang='lat' dir='ltr'><strong>sicuti</strong></span> <span class='ocrx_word' id='word_1_209' title='bbox 1619 3471 1671 3541; x_wconf 91' lang='lat' dir='ltr'><strong>si-</strong></span> 
     </span>
     <span class='ocr_line' id='line_1_21' title="bbox 257 3579 1673 3682; baseline 0.008 -32"><span class='ocrx_word' id='word_1_210' title='bbox 257 3579 379 3652; x_wconf 90' lang='lat' dir='ltr'><strong>militer</strong></span> <span class='ocrx_word' id='word_1_211' title='bbox 398 3589 522 3674; x_wconf 87' lang='lat' dir='ltr'><strong>partem</strong></span> <span class='ocrx_word' id='word_1_212' title='bbox 545 3584 666 3654; x_wconf 86' lang='lat' dir='ltr'><strong>exfinat</strong></span> <span class='ocrx_word' id='word_1_213' title='bbox 689 3589 721 3652; x_wconf 90' lang='lat' dir='ltr'><strong>et</strong></span> <span class='ocrx_word' id='word_1_214' title='bbox 735 3605 754 3649; x_wconf 88' lang='lat' dir='ltr'><strong>a</strong></span> <span class='ocrx_word' id='word_1_215' title='bbox 767 3589 859 3674; x_wconf 86' lang='lat' dir='ltr'><strong>purte</strong></span> <span class='ocrx_word' id='word_1_216' title='bbox 881 3583 1019 3655; x_wconf 90' lang='lat' dir='ltr'><strong>meridie</strong></span> <span class='ocrx_word' id='word_1_217' title='bbox 1040 3594 1116 3656; x_wconf 90' lang='lat' dir='ltr'><strong>sunt</strong></span> <span class='ocrx_word' id='word_1_218' title='bbox 1138 3595 1318 3658; x_wconf 89' lang='lat' dir='ltr'><strong>memorate</strong></span> <span class='ocrx_word' id='word_1_219' title='bbox 1341 3588 1443 3682; x_wconf 81' lang='lat' dir='ltr'><strong>grado</strong></span> <span class='ocrx_word' id='word_1_220' title='bbox 1466 3611 1673 3662; x_wconf 86' lang='lat' dir='ltr'><strong>marmoreae</strong></span> 
     </span>
     <span class='ocr_line' id='line_1_22' title="bbox 251 3702 1698 3808; baseline 0.008 -36"><span class='ocrx_word' id='word_1_221' title='bbox 251 3711 307 3775; x_wconf 89' lang='lat' dir='ltr'><strong>tue</strong></span> <span class='ocrx_word' id='word_1_222' title='bbox 330 3709 364 3773; x_wconf 84' lang='lat' dir='ltr'><strong>et</strong></span> <span class='ocrx_word' id='word_1_223' title='bbox 385 3710 563 3774; x_wconf 90' lang='lat' dir='ltr'><strong>memorata</strong></span> <span class='ocrx_word' id='word_1_224' title='bbox 586 3703 676 3798; x_wconf 79' lang='lat' dir='ltr'><strong>regia</strong></span> <span class='ocrx_word' id='word_1_225' title='bbox 695 3702 762 3776; x_wconf 90' lang='lat' dir='ltr'><strong>iam</strong></span> <span class='ocrx_word' id='word_1_226' title='bbox 791 3705 925 3800; x_wconf 89' lang='lat' dir='ltr'><strong>propria</strong></span> <span class='ocrx_word' id='word_1_227' title='bbox 951 3727 1026 3778; x_wconf 87' lang='lat' dir='ltr'><strong>mea</strong></span> <span class='ocrx_word' id='word_1_228' title='bbox 1056 3713 1089 3776; x_wconf 92' lang='lat' dir='ltr'><strong>et</strong></span> <span class='ocrx_word' id='word_1_229' title='bbox 1116 3715 1296 3780; x_wconf 79' lang='lat' dir='ltr'><strong>memorate</strong></span> <span class='ocrx_word' id='word_1_230' title='bbox 1329 3718 1422 3782; x_wconf 88' lang='lat' dir='ltr'><strong>curte</strong></span> <span class='ocrx_word' id='word_1_231' title='bbox 1448 3733 1588 3786; x_wconf 90' lang='lat' dir='ltr'><strong>comune</strong></span> <span class='ocrx_word' id='word_1_232' title='bbox 1611 3737 1671 3808; x_wconf 90' lang='lat' dir='ltr'><strong>per</strong></span> <span class='ocrx_word' id='word_1_233' title='bbox 1696 3736 1698 3740; x_wconf 89' lang='lat'>·</span> 
     </span>
     <span class='ocr_line' id='line_1_23' title="bbox 244 3828 1671 3929; baseline 0.01 -31"><span class='ocrx_word' id='word_1_234' title='bbox 244 3848 344 3928; x_wconf 77' lang='lat' dir='ltr'><strong>quarn</strong></span> <span class='ocrx_word' id='word_1_235' title='bbox 366 3828 484 3902; x_wconf 84' lang='lat' dir='ltr'><strong>exinde</strong></span> <span class='ocrx_word' id='word_1_236' title='bbox 505 3829 678 3902; x_wconf 83' lang='lat' dir='ltr'><strong>introitum</strong></span> <span class='ocrx_word' id='word_1_237' title='bbox 708 3830 804 3903; x_wconf 88' lang='lat' dir='ltr'><strong>ahere</strong></span> <span class='ocrx_word' id='word_1_238' title='bbox 832 3830 993 3906; x_wconf 87' lang='lat' dir='ltr'><strong>debeatis=</strong></span> <span class='ocrx_word' id='word_1_239' title='bbox 1029 3833 1079 3904; x_wconf 87' lang='lat' dir='ltr'><strong>De</strong></span> <span class='ocrx_word' id='word_1_240' title='bbox 1102 3857 1168 3929; x_wconf 91' lang='lat' dir='ltr'><strong>qua</strong></span> <span class='ocrx_word' id='word_1_241' title='bbox 1190 3835 1295 3908; x_wconf 88' lang='lat' dir='ltr'><strong>nichil</strong></span> <span class='ocrx_word' id='word_1_242' title='bbox 1318 3837 1401 3908; x_wconf 94' lang='lat' dir='ltr'><strong>mihi</strong></span> <span class='ocrx_word' id='word_1_243' title='bbox 1425 3840 1543 3912; x_wconf 86' lang='lat' dir='ltr'><strong>exinde</strong></span> <span class='ocrx_word' id='word_1_244' title='bbox 1581 3843 1671 3912; x_wconf 86' lang='lat' dir='ltr'><strong>intus</strong></span> 
     </span>
     <span class='ocr_line' id='line_1_24' title="bbox 240 3954 1670 4054; baseline 0.008 -28"><span class='ocrx_word' id='word_1_245' title='bbox 240 3961 436 4026; x_wconf 84' lang='lat' dir='ltr'><strong>memoratas</strong></span> <span class='ocrx_word' id='word_1_246' title='bbox 479 3954 679 4028; x_wconf 86' lang='lat' dir='ltr'><strong>coherentiaa</strong></span> <span class='ocrx_word' id='word_1_247' title='bbox 718 3957 853 4054; x_wconf 75' lang='lat' dir='ltr'><strong>aliquod</strong></span> <span class='ocrx_word' id='word_1_248' title='bbox 890 3959 1047 4033; x_wconf 82' lang='lat' dir='ltr'><strong>remansit</strong></span> <span class='ocrx_word' id='word_1_249' title='bbox 1085 3969 1142 4033; x_wconf 86' lang='lat' dir='ltr'><strong>ant</strong></span> <span class='ocrx_word' id='word_1_250' title='bbox 1179 3961 1346 4032; x_wconf 81' lang='lat' dir='ltr'><strong>reserhari</strong></span> <span class='ocrx_word' id='word_1_251' title='bbox 1385 3985 1447 4034; x_wconf 94' lang='lat' dir='ltr'><strong>nec</strong></span> <span class='ocrx_word' id='word_1_252' title='bbox 1487 3965 1523 4033; x_wconf 94' lang='lat' dir='ltr'><strong>in</strong></span> <span class='ocrx_word' id='word_1_253' title='bbox 1563 3965 1670 4036; x_wconf 86' lang='lat' dir='ltr'><strong>aliena</strong></span> 
     </span>
     <span class='ocr_line' id='line_1_25' title="bbox 239 4078 1670 4184; baseline 0.01 -36"><span class='ocrx_word' id='word_1_254' title='bbox 239 4078 403 4174; x_wconf 86' lang='lat' dir='ltr'><strong>cuiusque</strong></span> <span class='ocrx_word' id='word_1_255' title='bbox 424 4099 561 4171; x_wconf 88' lang='lat' dir='ltr'><strong>persona</strong></span> <span class='ocrx_word' id='word_1_256' title='bbox 584 4080 674 4176; x_wconf 87' lang='lat' dir='ltr'><strong>qnod</strong></span> <span class='ocrx_word' id='word_1_257' title='bbox 696 4081 777 4156; x_wconf 88' lang='lat' dir='ltr'><strong>absit</strong></span> <span class='ocrx_word' id='word_1_258' title='bbox 799 4085 964 4160; x_wconf 86' lang='lat' dir='ltr'><strong>commisit</strong></span> <span class='ocrx_word' id='word_1_259' title='bbox 992 4095 1050 4160; x_wconf 87' lang='lat' dir='ltr'><strong>ant</strong></span> <span class='ocrx_word' id='word_1_260' title='bbox 1087 4087 1153 4160; x_wconf 90' lang='lat' dir='ltr'><strong>iam</strong></span> <span class='ocrx_word' id='word_1_261' title='bbox 1175 4088 1349 4160; x_wconf 88' lang='lat' dir='ltr'><strong>oommieto</strong></span> <span class='ocrx_word' id='word_1_262' title='bbox 1370 4095 1583 4184; x_wconf 82' lang='lat' dir='ltr'><strong>potestatem:</strong></span> <span class='ocrx_word' id='word_1_263' title='bbox 1622 4094 1670 4164; x_wconf 88' lang='lat' dir='ltr'><strong>lta</strong></span> 
     </span>
     <span class='ocr_line' id='line_1_26' title="bbox 236 4201 1669 4298; baseline 0.015 -26"><span class='ocrx_word' id='word_1_264' title='bbox 236 4201 291 4273; x_wconf 87' lang='lat' dir='ltr'><strong>ud</strong></span> <span class='ocrx_word' id='word_1_265' title='bbox 314 4224 334 4268; x_wconf 86' lang='lat' dir='ltr'><strong>a</strong></span> <span class='ocrx_word' id='word_1_266' title='bbox 356 4219 445 4270; x_wconf 90' lang='lat' dir='ltr'><strong>nunc</strong></span> <span class='ocrx_word' id='word_1_267' title='bbox 483 4209 517 4272; x_wconf 90' lang='lat' dir='ltr'><strong>et</strong></span> <span class='ocrx_word' id='word_1_268' title='bbox 552 4203 702 4298; x_wconf 76' lang='lat' dir='ltr'><strong>deinceps</strong></span> <span class='ocrx_word' id='word_1_269' title='bbox 737 4230 757 4275; x_wconf 76' lang='lat' dir='ltr'><strong>a</strong></span> <span class='ocrx_word' id='word_1_270' title='bbox 790 4231 845 4282; x_wconf 92' lang='lat' dir='ltr'><strong>me</strong></span> <span class='ocrx_word' id='word_1_271' title='bbox 882 4211 944 4282; x_wconf 85' lang='lat' dir='ltr'><strong>tivi</strong></span> <span class='ocrx_word' id='word_1_272' title='bbox 966 4214 1009 4284; x_wconf 91' lang='lat' dir='ltr'><strong>sit</strong></span> <span class='ocrx_word' id='word_1_273' title='bbox 1041 4215 1275 4288; x_wconf 85' lang='lat' dir='ltr'><strong>venumdatum</strong></span> <span class='ocrx_word' id='word_1_274' title='bbox 1306 4223 1340 4288; x_wconf 90' lang='lat' dir='ltr'><strong>et</strong></span> <span class='ocrx_word' id='word_1_275' title='bbox 1361 4217 1516 4289; x_wconf 87' lang='lat' dir='ltr'><strong>traditum</strong></span> <span class='ocrx_word' id='word_1_276' title='bbox 1553 4222 1669 4296; x_wconf 89' lang='lat' dir='ltr'><strong>intua</strong></span> 
     </span>
     <span class='ocr_line' id='line_1_27' title="bbox 236 4323 1668 4430; baseline 0.018 -36"><span class='ocrx_word' id='word_1_277' title='bbox 236 4324 373 4419; x_wconf 78' lang='lat' dir='ltr'><strong>tuisque</strong></span> <span class='ocrx_word' id='word_1_278' title='bbox 394 4323 569 4398; x_wconf 79' lang='lat' dir='ltr'><strong>heredibus</strong></span> <span class='ocrx_word' id='word_1_279' title='bbox 591 4326 633 4398; x_wconf 90' lang='lat' dir='ltr'><strong>sit</strong></span> <span class='ocrx_word' id='word_1_280' title='bbox 654 4335 843 4421; x_wconf 88' lang='lat' dir='ltr'><strong>potestatem</strong></span> <span class='ocrx_word' id='word_1_281' title='bbox 866 4353 994 4430; x_wconf 82' lang='lat' dir='ltr'><strong>queque</strong></span> <span class='ocrx_word' id='word_1_282' title='bbox 1014 4339 1130 4410; x_wconf 85' lang='lat' dir='ltr'><strong>exinde</strong></span> <span class='ocrx_word' id='word_1_283' title='bbox 1146 4337 1252 4412; x_wconf 81' lang='lat' dir='ltr'><strong>iacere</strong></span> <span class='ocrx_word' id='word_1_284' title='bbox 1277 4339 1445 4414; x_wconf 87' lang='lat' dir='ltr'><strong>volueritis</strong></span> <span class='ocrx_word' id='word_1_285' title='bbox 1469 4345 1511 4416; x_wconf 87' lang='lat' dir='ltr'><strong>ab</strong></span> <span class='ocrx_word' id='word_1_286' title='bbox 1534 4345 1668 4420; x_wconf 89' lang='lat' dir='ltr'><strong>odierna</strong></span> 
     </span>
     <span class='ocr_line' id='line_1_28' title="bbox 236 4449 1669 4556; baseline 0.015 -33"><span class='ocrx_word' id='word_1_287' title='bbox 236 4449 296 4524; x_wconf 91' lang='lat' dir='ltr'><strong>dic</strong></span> <span class='ocrx_word' id='word_1_288' title='bbox 319 4469 447 4545; x_wconf 85' lang='lat' dir='ltr'><strong>semper</strong></span> <span class='ocrx_word' id='word_1_289' title='bbox 469 4449 602 4522; x_wconf 84' lang='lat' dir='ltr'><strong>liberam</strong></span> <span class='ocrx_word' id='word_1_290' title='bbox 625 4449 745 4523; x_wconf 79' lang='lat' dir='ltr'><strong>abeatis</strong></span> <span class='ocrx_word' id='word_1_291' title='bbox 768 4460 979 4548; x_wconf 86' lang='lat' dir='ltr'><strong>potestatem:</strong></span> <span class='ocrx_word' id='word_1_292' title='bbox 1016 4469 1050 4530; x_wconf 92' lang='lat' dir='ltr'><strong>et</strong></span> <span class='ocrx_word' id='word_1_293' title='bbox 1072 4483 1177 4556; x_wconf 84' lang='lat' dir='ltr'><strong>nequa</strong></span> <span class='ocrx_word' id='word_1_294' title='bbox 1201 4489 1220 4536; x_wconf 93' lang='lat' dir='ltr'><strong>a</strong></span> <span class='ocrx_word' id='word_1_295' title='bbox 1247 4489 1300 4540; x_wconf 91' lang='lat' dir='ltr'><strong>me</strong></span> <span class='ocrx_word' id='word_1_296' title='bbox 1326 4479 1505 4541; x_wconf 90' lang='lat' dir='ltr'><strong>memorato</strong></span> <span class='ocrx_word' id='word_1_297' title='bbox 1528 4469 1669 4544; x_wconf 87' lang='lat' dir='ltr'><strong>iohanne</strong></span> 
     </span>
     <span class='ocr_line' id='line_1_29' title="bbox 235 4579 1664 4686; baseline 0.013 -32"><span class='ocrx_word' id='word_1_298' title='bbox 235 4579 378 4654; x_wconf 70' lang='lat' dir='ltr'><strong>fanano</strong></span> <span class='ocrx_word' id='word_1_299' title='bbox 400 4601 478 4652; x_wconf 88' lang='lat' dir='ltr'><strong>cnm</strong></span> <span class='ocrx_word' id='word_1_300' title='bbox 500 4603 658 4656; x_wconf 85' lang='lat' dir='ltr'><strong>consensu</strong></span> <span class='ocrx_word' id='word_1_301' title='bbox 690 4582 793 4655; x_wconf 86' lang='lat' dir='ltr'><strong>maria</strong></span> <span class='ocrx_word' id='word_1_302' title='bbox 815 4583 948 4680; x_wconf 82' lang='lat' dir='ltr'><strong>coniugi</strong></span> <span class='ocrx_word' id='word_1_303' title='bbox 974 4586 1067 4658; x_wconf 89' lang='lat' dir='ltr'><strong>me&#39;ae</strong></span> <span class='ocrx_word' id='word_1_304' title='bbox 1088 4611 1195 4686; x_wconf 87' lang='lat' dir='ltr'><strong>nequo</strong></span> <span class='ocrx_word' id='word_1_305' title='bbox 1218 4617 1237 4664; x_wconf 90' lang='lat' dir='ltr'><strong>a</strong></span> <span class='ocrx_word' id='word_1_306' title='bbox 1260 4595 1341 4667; x_wconf 90' lang='lat' dir='ltr'><strong>meis</strong></span> <span class='ocrx_word' id='word_1_307' title='bbox 1364 4595 1538 4668; x_wconf 87' lang='lat' dir='ltr'><strong>heredibus</strong></span> <span class='ocrx_word' id='word_1_308' title='bbox 1562 4621 1622 4671; x_wconf 90' lang='lat' dir='ltr'><strong>nec</strong></span> <span class='ocrx_word' id='word_1_309' title='bbox 1645 4627 1664 4672; x_wconf 90' lang='lat' dir='ltr'><strong>a</strong></span> 
     </span>
     <span class='ocr_line' id='line_1_30' title="bbox 236 4705 1663 4812; baseline 0.017 -33"><span class='ocrx_word' id='word_1_310' title='bbox 236 4705 336 4780; x_wconf 87' lang='lat' dir='ltr'><strong>nohis</strong></span> <span class='ocrx_word' id='word_1_311' title='bbox 358 4709 505 4804; x_wconf 90' lang='lat' dir='ltr'><strong>personis</strong></span> <span class='ocrx_word' id='word_1_312' title='bbox 527 4711 707 4784; x_wconf 83' lang='lat' dir='ltr'><strong>summissis</strong></span> <span class='ocrx_word' id='word_1_313' title='bbox 729 4710 821 4784; x_wconf 84' lang='lat' dir='ltr'><strong>nullo</strong></span> <span class='ocrx_word' id='word_1_314' title='bbox 843 4719 989 4808; x_wconf 90' lang='lat' dir='ltr'><strong>tempore</strong></span> <span class='ocrx_word' id='word_1_315' title='bbox 1012 4737 1191 4812; x_wconf 87' lang='lat' dir='ltr'><strong>numquam</strong></span> <span class='ocrx_word' id='word_1_316' title='bbox 1213 4730 1251 4794; x_wconf 90' lang='lat' dir='ltr'><strong>tn</strong></span> <span class='ocrx_word' id='word_1_317' title='bbox 1272 4732 1450 4796; x_wconf 87' lang='lat' dir='ltr'><strong>memorato</strong></span> <span class='ocrx_word' id='word_1_318' title='bbox 1472 4725 1566 4800; x_wconf 91' lang='lat' dir='ltr'><strong>leone</strong></span> <span class='ocrx_word' id='word_1_319' title='bbox 1589 4729 1663 4802; x_wconf 83' lang='lat' dir='ltr'><strong>ser-</strong></span> 
     </span>
    </p>
   </div>
   <div class='ocr_carea' id='block_1_4' title="bbox 238 4834 1661 4944">
    <p class='ocr_par' dir='ltr' id='par_1_4' title="bbox 238 4834 1661 4944">
     <span class='ocr_line' id='line_1_31' title="bbox 238 4834 1661 4944; baseline 0.017 -36"><span class='ocrx_word' id='word_1_320' title='bbox 238 4834 329 4908; x_wconf 72' lang='lat' dir='ltr'><strong>mo</strong></span> <span class='ocrx_word' id='word_1_321' title='bbox 349 4836 558 4932; x_wconf 63' lang='lat' dir='ltr'><strong>poenum</strong></span> <span class='ocrx_word' id='word_1_322' title='bbox 580 4860 735 4936; x_wconf 66' lang='lat' dir='ltr'><strong>gemm</strong></span> <span class='ocrx_word' id='word_1_323' title='bbox 758 4861 833 4916; x_wconf 71' lang='lat' dir='ltr'><strong>meo</strong></span> <span class='ocrx_word' id='word_1_324' title='bbox 857 4843 921 4916; x_wconf 70' lang='lat' dir='ltr'><strong>aar</strong></span> <span class='ocrx_word' id='word_1_325' title='bbox 944 4843 1079 4920; x_wconf 69' lang='lat' dir='ltr'><strong>sesae</strong></span> <span class='ocrx_word' id='word_1_326' title='bbox 1102 4846 1167 4921; x_wconf 76' lang='lat' dir='ltr'><strong>suu</strong></span> <span class='ocrx_word' id='word_1_327' title='bbox 1194 4848 1284 4944; x_wconf 72' lang='lat' dir='ltr'><strong>quor</strong></span> <span class='ocrx_word' id='word_1_328' title='bbox 1299 4849 1381 4923; x_wconf 72' lang='lat' dir='ltr'><strong>anat</strong></span> <span class='ocrx_word' id='word_1_329' title='bbox 1403 4851 1522 4927; x_wconf 69' lang='lat' dir='ltr'><strong>odo</strong></span> <span class='ocrx_word' id='word_1_330' title='bbox 1544 4837 1661 4932; x_wconf 63' lang='lat' dir='ltr'><strong>ednas</strong></span> 
     </span>
    </p>
   </div>
   <div class='ocr_carea' id='block_1_5' title="bbox 0 0 2452 6522">
    <p class='ocr_par' dir='ltr' id='par_1_5' title="bbox 0 0 2452 6522">
     <span class='ocr_line' id='line_1_32' title="bbox 0 0 2452 6522; baseline 0 2"><span class='ocrx_word' id='word_1_331' title='bbox 0 0 2452 6522; x_wconf 95' lang='lat' dir='ltr'><strong> </strong></span> 
     </span>
    </p>
   </div>
  </div>
 </body>
</html>
