4940 6518
1422 557 1541 652 (²⁰)

1404 829 1570 904 CCLXXI.

629 1087 693 1156 An
871 1086 974 1184 †‚ln
1006 1086 1138 1160 nomine
1169 1083 1292 1157 domini
1323 1081 1378 1154 dei
1408 1081 1575 1156 sordens
1606 1083 1709 1156 nostri
1736 1085 1833 1160 lbesn
1864 1086 1986 1164 Christi
2013 1093 2199 1191 Imperante
2347 1160 2352 1169 .

611 1220 718 1284 roeo.
775 1211 908 1286 domino
930 1221 1041 1286 nostre
1063 1209 1178 1282 basilio
1202 1227 1323 1299 magno
1345 1205 1545 1299 Imperatore
1568 1228 1656 1278 euro
1677 1209 1928 1303 quadragesimo
1943 1226 2078 1310 quarto:
2093 1223 2151 1294 sed
2166 1232 2200 1296 et

773 1341 973 1410 remanere
1003 1335 1102 1404 bater
1134 1331 1207 1404 eius
1228 1353 1347 1425 magno
1370 1331 1568 1425 imperatore
1590 1353 1675 1404 anuo
1700 1333 1953 1429 quadragesime
1981 1341 2109 1431 primos
2141 1345 2198 1416 die

740 1553 745 1562 Ι
772 1467 885 1558 quarte
907 1456 1026 1532 mensis
1039 1455 1223 1529 nobembrii
1236 1455 1411 1530 indictione
1428 1456 1567 1528 semnm
1581 1455 1729 1549 neapoli:
1753 1455 1886 1528 Gutum
1905 1469 1954 1532 est
1977 1481 2041 1534 nes
2057 1461 2196 1538 iohanne

771 1601 803 1662 et
826 1593 921 1684 petro
942 1609 1001 1659 sen
1023 1582 1183 1678 stephano
1203 1583 1352 1675 genitore
1373 1591 1406 1656 et
1419 1582 1512 1656 fflios
1536 1593 1751 1678 cognomento
1765 1583 1903 1680 bespull.
1921 1597 1954 1661 et
1976 1588 2194 1664 abitatoribus

770 1729 803 1788 et
826 1715 900 1786 ribo
932 1721 965 1785 at
993 1720 1141 1784 sanetum
1173 1711 1344 1782 eeseriune
1376 1733 1437 1782 nos
1468 1719 1578 1784 autern
1609 1732 1671 1804 pro
1693 1711 1783 1784 vices
1805 1721 1931 1785 nostres
1953 1724 1987 1786 et
2009 1737 2071 1810 pro
2103 1720 2195 1793 vices

769 1846 877 1940 sergio
899 1841 968 1916 lilio
991 1849 1024 1916 et
1046 1860 1203 1934 germano
1226 1847 1359 1912 nostro:
1392 1841 1423 1908 Α
1447 1839 1587 1932 presenti
1609 1837 1663 1910 die
1686 1839 1905 1932 promittimus
1928 1840 2022 1914 uobis
2055 1843 2194 1952 domino

768 1971 882 2066 tilippe
903 1965 1078 2042 venerabili
1100 1984 1267 2062 ygumene
1297 1963 1484 2036 monasterii
1506 1970 1693 2035 sanctorum
1714 1962 1813 2057 sergii
1835 1971 1869 2034 et
1892 1962 1986 2036 brebi
2017 1965 2077 2060 qni
2098 1987 2188 2038 nunc

766 2105 985 2191 congregatus
1008 2113 1044 2166 es
1066 2092 1103 2164 in
1124 2087 1323 2164 monasterio
1352 2097 1539 2180 sauctorum
1560 2089 1710 2164 theodori
1734 2101 1769 2162 et
1799 2091 1969 2164 sebastiani
1991 2091 2052 2188 qni
2074 2095 2192 2188 appel-

766 2226 855 2296 latur
882 2222 1043 2317 casapicta
1073 2219 1172 2292 eitum
1193 2219 1229 2290 in
1252 2218 1432 2292 biridiario.
1454 2227 1488 2290 et
1511 2227 1544 2290 at
1566 2227 1682 2300 cuncte
1706 2227 1813 2293 vmtra
1836 2221 2089 2316 congregatione
2113 2241 2193 2295 mo-
2327 2271 2332 2278 ·

766 2349 948 2422 nocherum
968 2345 1139 2420 memorati
1168 2344 1271 2417 mncti
1292 2353 1326 2416 et
1348 2343 1544 2418 uenerabilis
1568 2346 1669 2422 veui
1700 2347 1909 2420 monasterii:
1942 2356 2078 2442 prepter
2099 2351 2191 2424 iute-

767 2493 864 2566 grum
887 2469 1026 2544 casalem
1047 2477 1192 2543 veebum
1214 2467 1295 2540 iuris
1318 2467 1489 2542 memorati
1505 2471 1609 2542 sancti
1623 2478 1656 2540 et
1670 2469 1862 2544 venerabilis
1882 2472 1983 2544 vestri
1997 2478 2186 2550 monasterii

766 2599 909 2694 pesitum
931 2599 967 2670 in
989 2597 1066 2668 loeo
1095 2597 1155 2693 qui
1176 2596 1364 2670 nominatur
1386 2597 1582 2670 casanicuue
1606 2619 1674 2670 una
1705 2620 1781 2670 cum
1813 2597 1985 2672 nbonhus
2013 2601 2191 2678 fructiferis

767 2724 819 2796 uel
841 2721 1050 2796 infructiferis
1073 2729 1107 2794 et
1128 2743 1207 2792 cum
1227 2719 1401 2794 introitum
1429 2743 1528 2794 nrum
1548 2729 1582 2792 et
1604 2721 1757 2793 omnibus
1785 2722 1848 2794 sivi
1870 2724 2107 2817 pertinentibus
2129 2749 2187 2802 seu

768 2862 801 2924 et
823 2873 900 2924 cum
921 2849 1070 2944 piscbina
1101 2857 1206 2922 vestra
1236 2848 1324 2922 intus
1345 2869 1399 2924 se:
1431 2871 1515 2945 quas
1535 2873 1616 2923 vere
1639 2859 1857 2927 memoratum
1890 2853 2052 2950 integrum
2082 2859 2187 2931 cesele

768 2989 915 3052 veebum
937 2979 1032 3052 nobis
1053 2978 1253 3074 nostrisque:
1278 2976 1452 3050 beredibus
1474 2976 1631 3052 dedistitis
1654 2979 1689 3050 in
1701 2979 1836 3073 relligio
1854 2991 1888 3052 et
1912 2981 2128 3058 inherendum.
2154 2997 2186 3060 et

768 3101 986 3174 detinendum.
1022 3101 1057 3172 in
1087 3126 1128 3175 ee
1161 3113 1273 3174 tenore
1297 3096 1539 3198 quatenus'nos
1561 3111 1595 3174 et
1617 3101 1752 3176 heredes
1774 3105 1893 3178 nostris
1916 3105 1988 3180 illut
2010 3129 2068 3202 per
2091 3111 2185 3182 omni

768 3247 875 3300 annuo
899 3234 976 3321 apto
998 3235 1146 3323 tempore
1169 3228 1253 3300 bene
1276 3235 1310 3296 et
1332 3225 1504 3321 diligenter
1522 3225 1670 3302 laborare
1687 3236 1719 3300 et
1734 3229 1883 3306 excolere
1897 3253 1956 3308 seu
1971 3233 2187 3328 propaginare

767 3365 800 3426 et
822 3353 982 3430 albaeiere
1004 3356 1180 3428 debeamus
1202 3355 1244 3426 ed
1276 3354 1368 3426 omm'
1390 3362 1503 3426 nostro
1533 3357 1703 3450 erpendio.
1736 3365 1769 3430 et
1798 3379 1893 3452 sepes
1921 3361 1993 3434 eius
2024 3383 2085 3455 per
2107 3363 2182 3453 giro

767 3506 903 3556 roncore
926 3492 959 3552 et
983 3481 1184 3576 emergimure
1205 3479 1381 3552 debeamus
1402 3481 1492 3552 omui
1505 3489 1649 3575 tempore
1664 3483 1754 3554 sieut
1762 3479 1936 3552 meruerit:
1953 3491 1987 3554 et
2010 3481 2188 3558 debeamus

768 3609 863 3679 illum
885 3613 998 3700 potare
1021 3613 1055 3677 et
1077 3604 1258 3677 derramere
1283 3610 1316 3676 et
1338 3603 1460 3676 culture
1476 3605 1570 3676 omui
1599 3615 1745 3702 tempore
1773 3605 1869 3680 sicud
1896 3607 2062 3680 meruerid
2089 3615 2123 3680 et
2145 3617 2184 3682 ut

768 3739 892 3810 iustum
924 3733 1024 3806 luerit
1054 3741 1086 3806 at
1116 3742 1226 3806 nostro
1255 3732 1405 3827 expedio.
1432 3735 1668 3810 crucumminas
1694 3745 1727 3808 et
1754 3735 1836 3808 bites
1867 3735 1988 3810 ibidem
2011 3759 2069 3830 per
2093 3737 2183 3809 omni

769 3885 875 3940 annue
898 3883 1018 3957 ponere
1032 3867 1065 3931 et
1078 3859 1222 3954 plantare
1237 3857 1410 3940 debeamus
1424 3857 1504 3930 hubi
1517 3860 1673 3940 meruerit
1683 3869 1715 3932 et
1730 3859 1814 3932 sicut
1824 3862 1950 3954 jutum
1971 3860 2069 3934 luerit
2093 3869 2127 3933 et
2150 3869 2186 3934 at

769 3985 936 4058 meliorem
952 3985 1074 4056 cultum
1090 3985 1181 4056 illum
1195 3983 1372 4078 perducere
1388 3983 1560 4056 debeamus
1582 3982 1616 4054 iu
1640 3984 1791 4057 omnibus
1814 3984 1895 4058 bene
1910 3986 1963 4056 nd
1987 3986 2119 4080 expedit
2143 3986 2183 4057 ad

769 4113 858 4184 omni
871 4118 982 4182 nostro
997 4109 1177 4202 expeudio:
1194 4116 1228 4180 et
1242 4131 1300 4203 per
1315 4107 1406 4180 omni
1419 4131 1523 4180 annue
1537 4105 1611 4178 illes
1625 4109 1783 4182 seminare
1795 4117 1828 4180 et
1835 4109 1958 4180 cultare
1970 4109 2144 4182 debeamus
2152 4117 2185 4180 at

769 4239 860 4310 omui
875 4247 987 4309 nostro
1010 4237 1189 4332 expendie:
1214 4245 1248 4308 et
1270 4237 1381 4308 omnia
1396 4237 1625 4333 quodcumque
1641 4238 1734 4310 nubis
1750 4236 1900 4310 domiuus
1916 4237 1994 4309 deus
2010 4236 2137 4309 dederit
2151 4245 2185 4307 et
2335 4271 2337 4280 ·

768 4385 834 4458 que
849 4362 893 4433 ibi
905 4363 1038 4434 lecimus
1052 4363 1088 4433 in
1101 4359 1248 4457 quelibet
1259 4358 1486 4433 semminaturn
1499 4367 1531 4432 et
1546 4360 1675 4454 glandes
1690 4384 1748 4456 per
1763 4367 1907 4456 tempere
1920 4381 2016 4454 super
2030 4379 2089 4429 nos
2107 4357 2184 4428 illos

668 4545 675 4566 .
767 4493 953 4588 recolligere
977 4501 1009 4564 et
1032 4492 1176 4585 [rugiere
1197 4490 1369 4562 debeamus
1383 4490 1468 4562 unde
1481 4491 1608 4564 nullum
1630 4491 1723 4563 nobis
1748 4491 1865 4562 exinde
1880 4489 2022 4586 queratis
2037 4511 2095 4583 per
2109 4489 2185 4560 nul·

767 4623 836 4692 luna
860 4625 1018 4696 modum:
1045 4621 1266 4693 tantummodo
1290 4621 1403 4694 bomni
1428 4630 1573 4714 tempere
1596 4621 1792 4716 quandoque
1815 4621 1947 4714 glandes
1970 4619 2097 4693 abuerit
2114 4641 2183 4690 rne-

767 4755 894 4818 morate
918 4748 1030 4832 casalis
1053 4753 1160 4819 uestro
1184 4744 1326 4818 debeatis
1351 4745 1443 4816 vobis
1467 4741 1584 4818 exinde
1607 4743 1727 4836 eligere
1750 4745 1832 4816 duos
1856 4745 1953 4838 pedes
1969 4744 2073 4842 qualis
2091 4744 2183 4817 vobis

634 4849 637 4854 ⁵
766 4873 925 4966 placuerit
952 4881 983 4942 et
1006 4893 1064 4945 vos
1087 4871 1180 4946 vobis
1203 4868 1274 4942 illas
1298 4867 1415 4940 exinde
1439 4867 1592 4964 colligere
1617 4867 1750 4942 iacietis.
1784 4878 1817 4940 et
1840 4889 1899 4942 uos
1924 4867 1977 4940 ille
2001 4869 2094 4942 vobis
2118 4871 2180 4942 ba-
