4896 6522
885 561 966 658 (⁵³
990 561 1004 658 t

234 729 365 808 redibus
388 725 481 801 vobis
503 720 685 820 sonoque
706 716 845 818 posteris
866 725 1112 819 memoratoque
1127 715 1237 796 restro
1252 719 1448 796 monasterio
1462 719 1543 798 illud
1559 725 1660 802 abre-

237 851 383 926 nuntiare
405 848 607 924 voluerimus
628 843 792 918 licentiam
814 848 848 914 et
868 851 1058 937 potestatem
1082 845 1235 918 abeamus
1258 846 1286 917 si
1309 847 1417 920 brerid
1440 853 1518 922 tune
1535 847 1658 926 bonum

237 982 435 1054 arbustetum
458 985 491 1050 et
512 975 672 1048 bitotums
697 979 731 1044 et
754 971 832 1045 dum
854 991 915 1042 nos
937 981 971 1044 et
993 973 1111 1045 nesbis
1134 975 1274 1070 propriis
1302 972 1477 1048 heredibus
1511 975 1590 1050 illud
1626 985 1659 1048 at

235 1107 448 1182 laborandum
471 1103 704 1176 detinuerimus
727 1079 755 1171 si
778 1095 853 1196 quis
876 1121 919 1171 ex
942 1121 1002 1171 nos
1025 1121 1136 1172 omnes
1159 1101 1224 1173 aud
1247 1103 1288 1176 de
1304 1101 1421 1174 nostris
1437 1102 1577 1197 propriis
1589 1101 1657 1174 ho-

238 1235 370 1308 redibas
392 1232 481 1327 ipsos
503 1229 626 1300 sooeias
648 1247 721 1298 suas
744 1225 785 1298 de
807 1233 1024 1299 memoratum
1047 1247 1199 1322 eampum
1221 1227 1303 1300 bene
1325 1251 1392 1298 non
1413 1229 1610 1302 laboraberis
1625 1237 1657 1302 et

237 1357 412 1433 cultaberis
434 1377 493 1449 per
516 1353 630 1425 ordine
652 1360 685 1425 et
706 1350 827 1423 tenoris
856 1353 901 1422 ud
930 1375 1027 1446 super
1058 1353 1178 1446 legitur
1210 1354 1373 1428 licentiam
1405 1362 1439 1426 et
1468 1363 1657 1448 potestatem

239 1483 360 1556 abeatis
381 1476 463 1548 illud
486 1475 527 1545 ad
551 1473 597 1544 eis
621 1471 734 1543 tollere
756 1477 789 1540 et
812 1467 932 1564 carique
955 1470 1035 1542 illud
1060 1471 1137 1543 dare
1159 1473 1329 1546 volueritis
1352 1474 1515 1548 licentiam
1539 1475 1657 1550 abeatis

239 1609 317 1704 quio
340 1605 385 1676 iti
407 1601 454 1675 sie
476 1596 570 1670 nobis
593 1595 680 1668 stetit
701 1595 730 1668 si
753 1603 863 1668 eutem
886 1593 979 1668 aliter
1000 1595 1172 1668 fecerimus
1193 1597 1286 1668 exis
1309 1599 1460 1672 omnibus
1474 1607 1660 1676 memoratis

237 1758 298 1830 per
321 1729 437 1828 quobis
460 1724 595 1798 modum
617 1731 674 1796 aut
695 1723 899 1798 summissam
921 1744 1092 1820 personam
1114 1731 1191 1796 tune
1214 1724 1439 1818 componimus
1462 1747 1522 1798 nos
1545 1737 1578 1798 et
1592 1753 1660 1800 no-

237 1855 313 1926 stris
335 1850 474 1946 propriis
488 1846 659 1920 heredibus
675 1846 769 1948 robis
784 1845 1001 1942 posterisque:
1023 1845 1137 1918 restris
1151 1853 1397 1943 memoratoque
1413 1857 1523 1920 vestro
1538 1873 1660 1926 mona-

236 1975 334 2048 sterio
359 1971 432 2046 anri
455 1969 576 2043 solidos
598 1967 715 2062 uiginti
738 1966 942 2062 bythianteos
973 1979 1006 2039 et
1029 1989 1067 2038 eo
1091 1964 1237 2040 chartula
1266 1968 1312 2040 ud
1346 1991 1444 2066 super
1476 1971 1595 2068 legitur
1617 1979 1660 2048 sit

237 2103 329 2174 firma
352 2100 472 2198 scripte
494 2120 554 2196 per
576 2117 690 2169 manns
713 2093 840 2172 mastali
863 2094 1006 2172 duemris
1021 2094 1169 2192 nummii
1191 2117 1251 2193 per
1265 2105 1443 2174 memorata
1459 2100 1582 2176 decima
1605 2105 1657 2179 in.

241 2228 430 2326 dictione†

236 2361 270 2426 et
292 2351 357 2428 hoe
380 2349 627 2425 memormdum
649 2351 782 2422 firmum
805 2349 894 2422 stetis
916 2348 1010 2420 nobis
1033 2356 1192 2446 quatenus
1214 2348 1379 2428 licentiam
1406 2361 1440 2426 et
1469 2359 1659 2450 potestatem

239 2473 392 2546 abeamus
415 2497 475 2546 nos
497 2483 530 2546 et
551 2472 669 2545 nostris
691 2471 831 2567 propriis
852 2470 1025 2543 heredibus
1048 2471 1087 2541 da
1119 2472 1172 2544 die
1203 2475 1360 2566 presentis
1392 2497 1458 2546 una
1489 2473 1660 2548 nobiseum

239 2617 360 2691 ponere
384 2605 416 2668 et
440 2596 534 2666 ahere
558 2605 591 2666 et
613 2595 823 2669 laborandum
856 2595 890 2665 in
923 2597 1140 2664 memoratum
1172 2614 1322 2685 campum
1356 2603 1499 2668 vestrum
1529 2597 1659 2688 quidem

237 2725 333 2811 petro
355 2739 448 2790 russo
471 2717 539 2790 tilio
563 2718 728 2814 quondam
751 2717 886 2790 moraldi
910 2716 950 2787 da
972 2713 1027 2785 illu
1050 2713 1150 2784 muru
1174 2713 1214 2784 de
1236 2722 1413 2788 memorata
1432 2739 1536 2788 messa
1550 2722 1660 2812 padu-

237 2843 307 2914 lana
333 2845 378 2916 ud
402 2844 471 2940 ipse
494 2854 527 2917 et
548 2845 626 2917 suis
639 2846 780 2942 propriis
804 2843 976 2916 heredibus
999 2865 1063 2914 una
1087 2842 1256 2915 nobiseum
1279 2851 1312 2916 et
1335 2867 1412 2916 oum
1434 2845 1553 2918 nostris
1576 2871 1660 2942 pro-

237 2966 317 3060 priis
339 2967 513 3040 heredibus
535 2969 570 3042 in
593 2967 744 3040 omnibus
767 2965 955 3038 memoratis
978 2987 1075 3038 exere
1098 2975 1132 3036 et
1149 2987 1338 3060 permanere
1355 2967 1471 3040 debeas
1493 2991 1553 3064 per
1568 2970 1659 3042 omni

237 3090 351 3162 ordine
376 3101 410 3158 et
432 3091 554 3160 tenoris
577 3091 668 3162 sicud
702 3111 762 3182 per
792 3088 1018 3183 unnsquisque
1053 3111 1095 3159 ex
1132 3087 1225 3159 nobis
1253 3091 1354 3160 etde
1381 3091 1499 3162 nostris
1521 3095 1659 3186 propriis

237 3207 414 3279 heredibus
437 3215 570 3300 tanqua
588 3208 616 3278 si
638 3229 698 3278 nos
721 3229 797 3278 eum
820 3207 913 3278 illum
934 3209 1018 3280 iusta
1041 3207 1186 3280 chartula
1201 3210 1385 3284 fecissemus
1408 3222 1441 3284 et
1455 3213 1483 3286 si
1497 3213 1590 3285 aliter
1605 3217 1660 3286 fe-

239 3333 381 3406 cerimus
403 3355 591 3406 maneamus
614 3335 649 3406 in
673 3341 850 3426 memorata
864 3335 996 3433 pena†

335 3455 398 3526 boe
422 3451 552 3547 siguum
567 3453 598 3548 †
612 3477 725 3526 manus
748 3457 920 3528 memorati
943 3458 1087 3552 gregorii
1115 3461 1156 3532 de
1179 3463 1446 3556 ragimprendum
1469 3463 1598 3558 signum
1614 3467 1654 3564 †
1771 3497 1773 3502 ·
1905 3525 1910 3538 .

240 3597 354 3650 manus
376 3575 548 3647 memorati
566 3574 738 3646 memorati
753 3575 872 3645 marini
887 3583 921 3646 et
934 3579 1105 3649 memorati
1129 3579 1280 3654 iohannis
1303 3583 1443 3678 trippula
1465 3586 1596 3680 signum
1626 3585 1659 3680 †

237 3719 352 3770 manus
374 3696 548 3768 memorati
572 3695 720 3768 iohannis
751 3695 792 3768 de
815 3695 899 3768 susci
927 3696 1056 3794 signum
1071 3699 1103 3796 †
1118 3724 1233 3776 munus
1255 3707 1427 3778 memorati
1450 3709 1536 3802 petri
1557 3733 1653 3783 russo

237 3843 301 3914 ego
323 3821 380 3916 qui
403 3827 601 3890 memoratos
622 3817 724 3890 abeis
740 3831 873 3912 rogatus
892 3843 953 3915 pro
976 3821 1023 3894 eis
1046 3825 1221 3920 subscripsi
1239 3827 1271 3924 †

331 3945 364 4040 †
387 3968 449 4040 ego
472 3944 597 4038 sergius
621 3945 707 4016 titius
730 3945 855 4018 domini
881 3947 1030 4021 iohannis
1053 3953 1203 4024 monaehi
1225 3955 1298 4026 testi
1321 3957 1541 4054 subscripsid·

332 4073 363 4167 †
387 4097 449 4168 ego
472 4074 635 4168 aligernus
658 4073 745 4146 filius
768 4073 895 4146 domini
918 4077 1017 4171 sergii
1041 4079 1116 4162 testi
1139 4080 1360 4180 subscripsi†
1383 4059 1390 4070 ’

335 4199 367 4295 †
390 4221 452 4294 ego
475 4201 601 4292 sergius
624 4199 710 4272 filius
733 4201 857 4273 domini
881 4203 997 4276 stefani
1019 4207 1094 4280 testi
1117 4179 1338 4310 subseripsi†

333 4323 365 4418 †
387 4324 461 4417 Ego
483 4321 634 4446 mastalus
658 4323 801 4406 ductoris
823 4323 999 4417 primarius
1012 4328 1180 4424 complevi
1202 4345 1237 4407 et
1259 4336 1383 4414 botri
1401 4362 1461 4439 per
1481 4359 1657 4424 memorata

234 4453 364 4532 deoims
387 4450 563 4530 indictione
578 4448 609 4545 †

819 4677 1070 4730 ''ummo-
