4882 6534
1409 563 1553 657 (aaa)
1687 564 1699 590 ·

776 733 876 812 dum:
903 743 952 810 aet
974 757 1036 830 ego
1059 741 1093 804 at
1114 727 1287 804 narentur
1311 725 1391 796 meio
1414 723 1503 794 omni
1526 727 1672 816 tempore
1707 721 1881 798 introitum
1905 727 2002 804 ahere
2025 732 2203 810 debeamus

777 889 797 934 a
820 867 996 935 memorata
1018 857 1151 926 domum
1174 873 1247 923 mea
1271 856 1304 918 et
1327 871 1346 918 a
1370 850 1584 917 memoratum
1615 851 1726 916 ortum
1753 869 1865 923 meum
1888 854 1977 948 quod
1999 864 2046 927 eat
2068 857 2201 932 insimul

776 989 812 1061 in
835 1011 901 1060 uno
924 983 1111 1054 coniuntum
1134 997 1195 1071 per
1218 975 1365 1048 anditum
1387 973 1591 1048 oomnualom
1618 971 1677 1068 qui
1700 977 1792 1047 venit
1816 977 1857 1050 da
1880 979 1955 1052 uico
1983 983 2115 1074 publico
2137 989 2198 1081 qni

778 1109 849 1182 aaiit
872 1116 904 1174 at
926 1103 981 1173 ilia
1005 1109 1097 1195 porta
1119 1097 1204 1170 noba
1226 1107 1260 1169 ot
1285 1105 1318 1167 at
1340 1095 1483 1168 doariola
1511 1103 1544 1167 et
1566 1115 1671 1188 nuqua
1695 1104 1729 1165 at
1751 1097 1806 1168 iiia
1829 1107 1923 1194 porta
1953 1123 2026 1173 mea
2056 1105 2114 1196 qui
2140 1107 2197 1178 in.

679 1242 683 1278 ³
779 1229 884 1328 gredit
908 1229 942 1299 in
967 1232 1144 1298 memorata
1166 1221 1301 1295 domum
1336 1239 1409 1291 mea
1438 1227 1471 1290 et
1496 1219 1532 1290 in
1558 1229 1774 1296 memoratum
1804 1233 1914 1298 nutum
1946 1247 2058 1300 meum
2082 1227 2199 1325 aheqna

778 1355 868 1428 omni
891 1351 1135 1424 contrarietate:
1170 1347 1270 1420 otiam
1301 1355 1335 1418 at
1368 1345 1410 1417 da
1441 1338 1538 1416 illum
1564 1353 1704 1418 cantone
1737 1349 1777 1420 de
1800 1360 1977 1424 memorata
2001 1365 2095 1446 porta
2131 1379 2198 1428 mea

777 1480 846 1574 ipae
880 1475 1023 1570 danique
1053 1481 1167 1545 eantua
1189 1493 1233 1544 ex
1255 1469 1325 1564 ipsa
1357 1475 1451 1562 ponta
1474 1489 1546 1538 mea
1569 1467 1628 1564 qni
1649 1479 1699 1540 eet
1721 1494 1740 1538 a
1762 1481 1856 1566 parte
1877 1475 2076 1550 oooidentiaz
2103 1489 2137 1552 et
2158 1483 2195 1554 da

777 1606 885 1700 iprum
909 1609 1044 1673 cantone
1067 1597 1102 1668 in
1126 1603 1216 1692 parto
1238 1593 1413 1666 occidentis
1434 1591 1577 1688 qnaliwr
1598 1603 1754 1666 momuat
1775 1597 1812 1667 in
1834 1609 1924 1693 parte
1961 1605 2197 1699 neptunu-ionia

778 1739 811 1804 et
833 1730 974 1826 qualiter
999 1727 1086 1800 badii
1110 1745 1214 1820 unqua
1237 1731 1270 1792 at
1293 1729 1471 1794 memorata
1495 1721 1628 1796 ecdaaia
1651 1733 1756 1795 veatra
1778 1735 1886 1797 saneto
1910 1729 2026 1824 agathe
2049 1733 2110 1816 aiat
2130 1733 2196 1828 ipae

779 1859 909 1934 auditus
931 1856 1101 1952 proprium
1131 1854 1275 1924 boetrum
1306 1851 1377 1923 eine
1408 1853 1500 1924 omni
1530 1875 1604 1928 maa
1627 1871 1663 1925 et
1686 1853 1727 1926 de
1756 1855 1838 1928 meio
1859 1856 2033 1931 herodibus
2055 1863 2199 1955 qualivet

760 1979 1021 2056 'oonmarietatot
1046 1989 1094 2048 eet
1118 1979 1162 2050 nd
1186 1971 1334 2068 superine
1356 1973 1498 2048 diximus
1530 1997 1593 2069 ego
1623 1982 1657 2046 et
1684 1973 1856 2050 heredibus
1886 1980 1967 2052 meia
1999 2003 2056 2075 per
2088 1983 2197 2076 ipsum

780 2107 925 2180 auditum
948 2099 1187 2175 communalem
1211 2097 1269 2192 qni
1285 2107 1334 2168 eat
1349 2097 1434 2168 iusta
1449 2106 1630 2170 memorato
1647 2097 1721 2169 vico
1744 2119 1844 2194 uaano
1867 2125 1885 2168 a
1909 2113 2089 2175 memorato
2114 2129 2197 2177 oan-

778 2241 856 2305 touo
879 2235 921 2305 da
944 2236 1121 2300 memorata
1143 2233 1239 2320 porta
1262 2247 1333 2295 mea
1357 2235 1395 2296 ut
1420 2245 1518 2320 anper
1548 2224 1667 2318 legitur
1696 2247 1753 2319 per
1775 2223 1842 2320 ipsa
1865 2235 1958 2319 porta
1981 2249 2054 2300 me.
2076 2233 2195 2306 immi.

782 2363 853 2426 tum
876 2352 1069 2426 ahoamuaa
1091 2357 1268 2422 memorata
1292 2347 1425 2418 domum
1442 2367 1515 2417 mea
1529 2355 1563 2417 at
1577 2372 1597 2418 a
1613 2355 1827 2420 memoratum
1837 2357 1949 2422 ortum
1970 2373 2083 2424 meum
2105 2377 2196 2448 qua-

781 2479 855 2550 lite·
888 2477 1035 2570 superine
1063 2476 1183 2568 legitur
1214 2473 1331 2544 iterum
1364 2480 1397 2540 et
1427 2469 1462 2540 in
1494 2473 1606 2546 eadem
1638 2474 1771 2547 ἀοιιιιι
1805 2495 1877 2548 mea
1910 2458 2081 2550 introitum
2104 2477 2196 2551 abere

780 2605 951 2682 amamus
974 2625 1033 2699 per
1056 2601 1117 2676 alia
1139 2601 1230 2696 regia
1254 2625 1347 2674 mea:
1374 2600 1432 2697 qui
1456 2609 1505 2673 eat
1526 2603 1610 2675 iusta
1632 2611 1813 2676 memorato
1837 2605 2065 2700 oimoubdm
2086 2615 2119 2678 et
2140 2607 2196 2679 in·

780 2731 885 2828 gradit
908 2731 945 2802 iu
966 2737 1142 2803 memorata
1167 2729 1300 2802 domum
1323 2751 1419 2799 mona
1446 2729 1521 2826 quia
1544 2729 1589 2800 ita
1611 2711 1707 2800 nodia
1731 2729 1907 2804 iudicatum
1935 2742 2005 2803 eat:
2031 2732 2066 2801 Si
2089 2741 2196 2802 auom

668 2885 671 2892 ⁴
780 2859 875 2932 alitar
897 2859 1070 2930 feeerimoa
1098 2859 1138 2929 de
1154 2903 1157 2909 -
1171 2857 1221 2928 hio
1249 2857 1400 2932 ,omnibus
1419 2856 1616 2964 ¹memoratio
1647 2879 1706 2950 per
1728 2857 1846 2952 quonia
1868 2858 1999 2928 modum
2021 2866 2075 2928 ant
2097 2878 2195 2928 snm-

781 2984 892 3053 mioa'na
915 2991 1067 3078 perronae
1090 2991 1169 3054 tuna
1190 3003 1351 3076 compono
1374 3003 1436 3077 ego
1460 2989 1493 3054 et
1514 2982 1648 3054 hoedos
1664 2982 1745 3054 maia
1760 2981 1852 3056 vobis
1866 2981 2044 3076 nostrisque
2060 2983 2196 3076 putetis

780 3114 815 3177 et
837 3107 872 3178 in
894 3090 1080 3179 memorato
1097 3118 1205 3181 vestro
1229 3109 1425 3183 monasterio
1448 3107 1520 3180 auri
1544 3106 1666 3180 solidos
1688 3107 1805 3202 viginti
1827 3105 2046 3202 bythianteos:
2081 3117 2114 3178 et
2136 3106 2198 3180 bec

780 3235 925 3308 chartula
950 3237 1130 3312 securitatis
1154 3237 1374 3332 promiaaionia
1389 3247 1427 3309 ut
1447 3259 1544 3332 anper
1558 3236 1680 3330 legitur
1694 3237 1737 3309 ait
1759 3237 1852 3309 firma
1874 3237 1993 3330 aouipta
2008 3258 2066 3330 per
2079 3257 2200 3308 manua

779 3354 875 3457 sergii
892 3362 1037 3456 primarii
1057 3385 1115 3454 per
1131 3371 1308 3434 memorata
1325 3363 1437 3457 quinta
1453 3361 1579 3432 decima
1595 3331 1807 3458 indictiono†
1823 3362 1887 3434 hoo
1901 3361 2029 3455 dignum
2042 3359 2201 3453 †manua

778 3494 1072 3578 memoratopetro
1097 3485 1216 3558 bermo
1239 3483 1328 3581 quad
1351 3507 1414 3579 ogo
1435 3505 1499 3579 pro
1522 3507 1599 3558 autu
1621 3460 1793 3578 ammirei
1816 3487 1848 3582 †

880 3619 912 3680 et
934 3610 999 3680 hoo
1023 3591 1195 3680 memorati
1219 3589 1366 3682 summus
1389 3621 1428 3684 ut
1451 3611 1543 3680 omni
1566 3623 1710 3704 tempore
1738 3633 1799 3704 ego
1830 3622 1864 3681 et
1894 3611 2030 3682 horedea
2060 3609 2145 3680 maio
2177 3637 2201 3679 a

776 3745 956 3810 memorata
980 3736 1116 3808 domum
1134 3761 1211 3839 inea
1234 3745 1267 3808 et
1291 3762 1309 3808 a
1332 3759 1548 3812 memoratum
1571 3743 1679 3810 ortum
1702 3759 1811 3809 meum
1828 3761 1887 3834 por
1904 3747 2082 3810 memorata
2101 3749 2197 3831 porta

768 3881 853 3930 moa
875 3868 909 3928 et
931 3881 990 3954 per
1014 3869 1192 3932 memorata
1211 3861 1304 3956 regia
1329 3883 1400 3932 maa
1425 3859 1595 3932 introitum
1610 3859 1706 3932 ιΙιοιιι
1722 3860 1893 3933 debemus
1916 3883 1992 3933 cum
2015 3861 2103 3932 omni
2128 3883 2197 3931 no·

779 3995 844 4058 atra
868 3987 1004 4060 utilitate
1028 3989 1080 4061 dia
1103 4001 1266 4088 noctuque
1290 3990 1413 4086 abque
1437 3986 1527 4058 omm'
1552 3987 1809 4058 contrarietatem

872 4112 904 4210 †
927 4138 992 4205 εγω
1014 4135 1169 4212 κεσιιριιυς
1192 4122 1315 4204 φιλανθ
1337 4099 1373 4184 δν
1395 4137 1501 4186 nouam
1524 4131 1638 4184 aram
1660 4091 1741 4198 u-ovd
1763 4111 1794 4208 †

874 4237 906 4333 †
929 4263 990 4334 ego
1012 4265 1166 4334 aparanua
1186 4243 1274 4316 titiua
1298 4240 1422 4312 domiui
1445 4239 1530 4333 patui
1553 4242 1627 4314 taati
1652 4241 1826 4336 oumaonipai
1850 4237 1881 4336 †

843 4405 847 4414 ·
872 4367 902 4463 †
924 4390 985 4462 ego
1009 4378 1119 4462 patrna
1141 4367 1225 4441 ilina
1248 4367 1372 4440 domiui
1394 4365 1509 4440 stefani
1534 4371 1607 4440 testi
1631 4367 1805 4464 wiuaripai
1828 4367 1859 4465 †

870 4493 994 4590 †iigo
1017 4493 1141 4590 aargiua
1163 4493 1336 4589 primarius
1357 4493 1527 4590 compleo
1563 4502 1596 4564 ot
1620 4493 1742 4567 abaotai
1776 4519 1836 4589 por
1861 4501 2036 4570 memorata
2075 4493 2191 4590 quinta

774 4617 900 4691 daoima
922 4615 1099 4691 indictione
1122 4615 1153 4711 †
1454 4609 1461 4621 '
1584 4647 1588 4656 ·
1626 4637 1632 4651 ’

1354 4843 1596 4883 wt-

2297 4442 2336 4501 N
