4888 6528
1399 533 1412 625 (
1437 533 1504 602 tre
1531 530 1542 620 )

778 695 893 769 restris
917 695 1038 768 ibidem
1060 689 1205 768 inbentrs
1228 690 1380 765 dederitis
1394 697 1460 760 ‘eut
1482 687 1665 761 direxeritis
1689 707 1750 780 prn
1774 681 1946 756 nerbilium
1972 684 2075 780 ipsius
2102 691 2200 764 vestri

775 818 961 892 mnnmterii
986 829 1063 894 tunc
1084 836 1145 888 nes
1167 821 1201 886 et
1222 811 1364 907 propriis
1387 806 1506 881 nestris
1530 806 1705 880 heredibus
1729 805 1879 879 musculis
1903 827 1963 880 res
1979 817 2013 881 et
2026 809 2073 882 eie
2089 821 2122 886 et
2139 833 2201 884 ee·

777 939 869 1031 bellis
892 940 1007 1014 restris
1029 945 1063 1008 et
1085 936 1217 1009 illerum
1250 933 1395 1027 recipere
1427 927 1598 1004 debeamus
1621 928 1657 1000 in
1680 926 1763 1002 cesis
1796 929 1915 1004 nestris
1941 940 1973 1004 et
1995 931 2087 1008 robis
2111 945 2145 1008 et
2168 945 2201 1010 et

779 1066 826 1140 ete
852 1071 885 1136 et
912 1073 946 1135 et
969 1059 1100 1134 cuum
1121 1056 1237 1132 restris
1259 1053 1455 1130 munducare
1486 1064 1519 1126 et
1547 1055 1661 1130 vibere
1685 1053 1862 1130 debeamus
1886 1057 1963 1130 dere
1987 1068 2020 1131 et
2042 1060 2199 1136 enaritate

783 1193 891 1264 lacere
915 1187 999 1260 sient
1022 1186 1145 1292 iustum
1168 1183 1266 1256 luerit
1288 1192 1322 1254 et
1345 1181 1516 1256 meruerit:
1541 1191 1575 1256 et
1598 1205 1664 1254 nnn
1688 1180 1807 1258 abestis
1829 1183 1996 1260 licentium
2012 1197 2118 1262 rosel
2131 1207 2199 1282 pn-

782 1317 875 1390 steris
899 1313 1013 1386 restris
1028 1322 1061 1386 et
1075 1319 1255 1386 memerato
1273 1321 1382 1386 restro
1398 1309 1593 1383 monasterie
1609 1309 1703 1384 nobis
1719 1313 1922 1409 nestrisqbe:
1946 1315 2087 1412 propriis
2102 1315 2200 1388 bere·

679 1439 682 1444 ’
785 1441 877 1513 dibus
900 1437 1050 1512 musculis
1072 1439 1114 1514 de
1137 1438 1244 1534 ipsum
1268 1435 1576 1512 vicedomineticum
1599 1435 1719 1524 iactare
1746 1459 1808 1532 per
1831 1437 1958 1512 nullum
1981 1441 2116 1514 medum
2137 1463 2195 1514 nee

687 1572 694 1586 ’
782 1585 840 1658 per
863 1559 1044 1634 summissis
1067 1560 1231 1655 personis:
1256 1560 1368 1632 dentes
1390 1568 1424 1630 et
1447 1557 1649 1653 reimplentes
1672 1581 1732 1632 nes
1754 1567 1788 1632 et
1811 1562 1952 1656 propriis
1968 1563 2086 1636 nestris
2104 1563 2194 1638 bere·

783 1691 878 1764 dibus
901 1685 1057 1762 masculis
1079 1685 1189 1758 emnia
1212 1695 1390 1764 memoratu
1413 1708 1473 1780 per
1496 1685 1609 1758 ordine
1633 1694 1666 1756 et
1688 1687 1757 1758 sine
1773 1687 1864 1758 ennni
1888 1689 2036 1762 fraudem
2052 1697 2089 1760 ut
2104 1713 2198 1786 super

784 1813 926 1908 legitur:
953 1821 985 1882 et
1008 1809 1202 1906 quandoque
1226 1831 1285 1879 nes
1307 1817 1340 1880 et
1362 1807 1504 1903 propriis
1519 1808 1639 1880 nostris
1655 1808 1827 1884 heredibus
1844 1811 1996 1884 musculis
2011 1811 2084 1884 illut
2100 1811 2198 1884 abre·

784 1939 933 2014 nuntinre
956 1935 1155 2008 voluerimus
1178 1932 1341 2006 licentiam
1364 1944 1397 2006 et
1412 1939 1566 2030 potestate
1577 1932 1733 2006 mannus
1751 1933 1843 2006 vobis
1864 1935 2045 2032 vestrisque
2060 1937 2197 2032 pesteris

786 2081 819 2144 et
841 2070 877 2142 in
898 2073 1078 2140 memerato
1109 2073 1218 2136 vestre
1250 2063 1445 2136 munasterio
1478 2060 1551 2133 illut
1573 2061 1799 2134 mrennnuare
1824 2063 1892 2134 sine
1915 2063 2006 2134 omni
2028 2063 2198 2134 minuitnte

787 2193 954 2293 quomedo
976 2191 1086 2262 liberis
1113 2189 1317 2264 introivimus
1340 2191 1387 2262 sic
1410 2189 1527 2260 exinde
1551 2189 1662 2262 liberis
1687 2192 1830 2262 exiemus
1854 2212 1915 2262 nos
1930 2199 1963 2262 et
1976 2191 2116 2288 propriis
2131 2213 2198 2262 no·

787 2325 864 2398 stris
886 2319 1078 2396 heredibus:
1105 2319 1183 2418 quia
1205 2320 1250 2390 ite
1274 2319 1368 2391 nobis
1391 2318 1532 2414 placuit:
1564 2319 1599 2390 si
1632 2327 1740 2394 nutem
1770 2319 1861 2392 aliter
1884 2319 2059 2392 fecerimus
2081 2319 2121 2392 de
2145 2317 2197 2390 bis

787 2449 938 2524 omnibus
960 2445 1145 2520 memoratis
1168 2467 1227 2540 per
1252 2444 1370 2540 qucbis
1393 2445 1528 2518 medum
1552 2453 1608 2518 unt
1629 2444 1808 2518 summissis
1829 2443 1978 2538 personis
1997 2454 2077 2516 tunc
2099 2466 2198 2516 cem-

791 2571 943 2669 pnnimus
974 2571 1067 2644 robis
1099 2567 1279 2664 vestrisque
1310 2570 1447 2664 posteris
1475 2571 1548 2642 nuri
1571 2569 1692 2642 subdes
1715 2569 1833 2666 viginti
1855 2569 2062 2670 bptbinntecs
2085 2581 2117 2643 et
2139 2570 2197 2644 hee

786 2698 930 2774 chartule
962 2707 1000 2774 ut
1031 2719 1128 2794 snper
1151 2697 1272 2794 legitur
1294 2699 1336 2770 sit
1358 2698 1452 2770 firma
1473 2697 1591 2794 scripte
1613 2721 1673 2796 per
1696 2720 1812 2772 mnnrre
1836 2699 1937 2796 sergii
1960 2698 2109 2774 usuarii
2138 2722 2196 2794 per

783 2797 961 2903 memorati
991 2831 1106 2925 quertn
1128 2821 1305 2897 indictione
1326 2823 1359 2920 †

879 2954 944 3026 hee
966 2952 1096 3048 signum
1117 2975 1234 3031 munus
1255 2959 1437 3026 memerato
1463 2949 1602 3028 iebnnne
1624 2955 1685 3050 qui
1707 2960 1845 3028 vocetur
1867 2957 1983 3030 sardo:
2008 2957 2135 3052 signum
2158 2927 2190 3053 †

705 3135 710 3145 .
783 3101 897 3154 manus
919 3088 1099 3152 memorate
1120 3077 1284 3152 deminico
1307 3101 1369 3174 pre
1393 3079 1465 3152 viee
1496 3078 1630 3152 illerum
1654 3089 1687 3152 et
1717 3103 1779 3174 pre
1813 3082 1897 3184 rice
1918 3083 2088 3158 memorati
2110 3081 2196 3156 bessi

784 3207 871 3302 qued
896 3228 958 3302 ege
980 3228 1042 3302 pre
1064 3205 1113 3280 eis
1135 3205 1309 3301 subscripsi
1333 3206 1363 3300 †

875 3329 907 3428 †
931 3353 995 3426 ego
1016 3337 1128 3424 petrus
1150 3329 1235 3402 filius
1258 3330 1380 3403 domini
1403 3330 1547 3427 gregorii
1571 3331 1644 3403 terti
1667 3330 1840 3432 subscripsi
1864 3332 1896 3430 †

883 3458 1002 3556 †ego
1027 3458 1194 3532 lebannes·
1207 3455 1292 3528 filius
1317 3457 1440 3532 demini
1463 3459 1562 3563 sergii
1586 3459 1659 3534 testi
1679 3441 1857 3554 ¹subscrispi
1882 3463 1912 3558 †

882 3582 914 3678 †
936 3589 1026 3654 nro
1047 3587 1249 3654 murrone
1273 3590 1446 3658 srmone
1469 3563 1532 3660 nr
1554 3595 1690 3662 suoru
1712 3595 1835 3662 ruem
1857 3561 1989 3666 corn*

882 3705 1010 3802 †Fsge
1040 3706 1166 3804 sergius
1197 3706 1373 3784 tabularius
1395 3711 1561 3807 Compleri
1585 3723 1618 3784 et
1656 3713 1778 3788 absolvi
1801 3739 1860 3814 per
1883 3725 2061 3792 memoratu
2084 3727 2200 3816 quarta

782 3829 1008 3926 indictione†
1093 3919 1097 3925 ,
