<?xml version="1.0" encoding="UTF-8"?>
<!DOCTYPE html PUBLIC "-//W3C//DTD XHTML 1.0 Transitional//EN"
    "http://www.w3.org/TR/xhtml1/DTD/xhtml1-transitional.dtd">
<html xmlns="http://www.w3.org/1999/xhtml" xml:lang="en" lang="en">
 <head>
  <title>
</title>
<meta http-equiv="Content-Type" content="text/html;charset=utf-8" />
  <meta name='ocr-system' content='tesseract 3.04.00' />
  <meta name='ocr-capabilities' content='ocr_page ocr_carea ocr_par ocr_line ocrx_word'/>
</head>
<body>
  <div class='ocr_page' id='page_1' title='image "./monumentaeditaa03napogoog_0209.png"; bbox 0 0 4888 6528; ppageno 0'>
   <div class='ocr_carea' id='block_1_1' title="bbox 226 1075 1836 1330">
    <p class='ocr_par' dir='ltr' id='par_1_1' title="bbox 226 1075 1836 1330">
     <span class='ocr_line' id='line_1_1' title="bbox 320 1075 1808 1204; baseline 0.007 -28"><span class='ocrx_word' id='word_1_1' title='bbox 320 1101 353 1200; x_wconf 77' lang='lat'>†</span> <span class='ocrx_word' id='word_1_2' title='bbox 375 1105 413 1176; x_wconf 88' lang='lat' dir='ltr'>ln</span> <span class='ocrx_word' id='word_1_3' title='bbox 437 1103 567 1177; x_wconf 85' lang='lat' dir='ltr'>numine</span> <span class='ocrx_word' id='word_1_4' title='bbox 597 1101 722 1176; x_wconf 88' lang='lat' dir='ltr'>domini</span> <span class='ocrx_word' id='word_1_5' title='bbox 746 1103 800 1176; x_wconf 89' lang='lat' dir='ltr'>dei</span> <span class='ocrx_word' id='word_1_6' title='bbox 816 1101 988 1176; x_wconf 75' lang='lat' dir='ltr'>salvatoris</span> <span class='ocrx_word' id='word_1_7' title='bbox 1004 1105 1112 1178; x_wconf 75' lang='lat' dir='ltr'>&#39;nestri</span> <span class='ocrx_word' id='word_1_8' title='bbox 1128 1075 1224 1180; x_wconf 85' lang='lat' dir='ltr'>lbesu</span> <span class='ocrx_word' id='word_1_9' title='bbox 1239 1107 1379 1180; x_wconf 77' lang='lat' dir='ltr'><strong>Christi:</strong></span> <span class='ocrx_word' id='word_1_10' title='bbox 1397 1109 1579 1204; x_wconf 86' lang='lat' dir='ltr'>imperante</span> <span class='ocrx_word' id='word_1_11' title='bbox 1595 1111 1654 1182; x_wconf 70' lang='lat' dir='ltr'>te</span> <span class='ocrx_word' id='word_1_12' title='bbox 1748 1093 1808 1188; x_wconf 67' lang='lat' dir='ltr'>bn.</span> 
     </span>
     <span class='ocr_line' id='line_1_2' title="bbox 226 1229 1836 1330; baseline 0.006 -26"><span class='ocrx_word' id='word_1_13' title='bbox 226 1233 321 1304; x_wconf 85' lang='lat' dir='ltr'>minu</span> <span class='ocrx_word' id='word_1_14' title='bbox 341 1243 454 1304; x_wconf 82' lang='lat' dir='ltr'>nostru</span> <span class='ocrx_word' id='word_1_15' title='bbox 476 1229 590 1304; x_wconf 84' lang='lat' dir='ltr'>basilio</span> <span class='ocrx_word' id='word_1_16' title='bbox 614 1253 733 1326; x_wconf 81' lang='lat' dir='ltr'>magun</span> <span class='ocrx_word' id='word_1_17' title='bbox 756 1232 952 1324; x_wconf 77' lang='lat' dir='ltr'><strong>imperatore</strong></span> <span class='ocrx_word' id='word_1_18' title='bbox 977 1249 1062 1304; x_wconf 88' lang='lat' dir='ltr'>anno</span> <span class='ocrx_word' id='word_1_19' title='bbox 1077 1235 1279 1329; x_wconf 77' lang='lat' dir='ltr'>sexagesimo</span> <span class='ocrx_word' id='word_1_20' title='bbox 1295 1238 1420 1330; x_wconf 87' lang='lat' dir='ltr'>primo:</span> <span class='ocrx_word' id='word_1_21' title='bbox 1444 1237 1500 1308; x_wconf 88' lang='lat' dir='ltr'>sed</span> <span class='ocrx_word' id='word_1_22' title='bbox 1516 1247 1549 1308; x_wconf 92' lang='lat' dir='ltr'>et</span> <span class='ocrx_word' id='word_1_23' title='bbox 1565 1259 1651 1309; x_wconf 62' lang='lat' dir='ltr'>conr·</span> <span class='ocrx_word' id='word_1_24' title='bbox 1727 1255 1836 1316; x_wconf 73' lang='lat' dir='ltr'>t-ont.</span> 
     </span>
    </p>
   </div>
   <div class='ocr_carea' id='block_1_2' title="bbox 78 1354 1650 1575">
    <p class='ocr_par' dir='ltr' id='par_1_2' title="bbox 78 1354 1650 1575">
     <span class='ocr_line' id='line_1_3' title="bbox 78 1354 1650 1452; baseline 0.004 -27"><span class='ocrx_word' id='word_1_25' title='bbox 78 1355 84 1370; x_wconf 88' lang='lat'>&#39;</span> <span class='ocrx_word' id='word_1_26' title='bbox 227 1355 374 1428; x_wconf 77' lang='lat' dir='ltr'>ntantino</span> <span class='ocrx_word' id='word_1_27' title='bbox 393 1356 496 1424; x_wconf 81' lang='lat' dir='ltr'>irater</span> <span class='ocrx_word' id='word_1_28' title='bbox 518 1354 587 1425; x_wconf 81' lang='lat' dir='ltr'>eins</span> <span class='ocrx_word' id='word_1_29' title='bbox 607 1376 730 1447; x_wconf 76' lang='lat' dir='ltr'>magno</span> <span class='ocrx_word' id='word_1_30' title='bbox 752 1355 947 1446; x_wconf 74' lang='lat' dir='ltr'>imperatore</span> <span class='ocrx_word' id='word_1_31' title='bbox 963 1371 1051 1426; x_wconf 87' lang='lat' dir='ltr'>anno</span> <span class='ocrx_word' id='word_1_32' title='bbox 1065 1359 1334 1452; x_wconf 80' lang='lat' dir='ltr'>quinquagesimo</span> <span class='ocrx_word' id='word_1_33' title='bbox 1350 1359 1507 1432; x_wconf 87' lang='lat' dir='ltr'>buctabn:</span> <span class='ocrx_word' id='word_1_34' title='bbox 1524 1359 1650 1432; x_wconf 83' lang='lat' dir='ltr'>decima</span> 
     </span>
     <span class='ocr_line' id='line_1_4' title="bbox 233 1471 1648 1575; baseline 0.004 -27"><span class='ocrx_word' id='word_1_35' title='bbox 233 1478 359 1550; x_wconf 83' lang='lat' dir='ltr'>mensis</span> <span class='ocrx_word' id='word_1_36' title='bbox 381 1477 491 1546; x_wconf 88' lang='lat' dir='ltr'>mantii</span> <span class='ocrx_word' id='word_1_37' title='bbox 514 1476 690 1548; x_wconf 82' lang='lat' dir='ltr'>indictione</span> <span class='ocrx_word' id='word_1_38' title='bbox 714 1483 828 1566; x_wconf 85' lang='lat' dir='ltr'>quarta</span> <span class='ocrx_word' id='word_1_39' title='bbox 852 1471 1004 1564; x_wconf 77' lang='lat' dir='ltr'>neapolis</span> <span class='ocrx_word' id='word_1_40' title='bbox 1024 1474 1159 1547; x_wconf 78' lang='lat' dir='ltr'>Certum</span> <span class='ocrx_word' id='word_1_41' title='bbox 1182 1489 1230 1548; x_wconf 87' lang='lat' dir='ltr'>est</span> <span class='ocrx_word' id='word_1_42' title='bbox 1253 1500 1312 1549; x_wconf 81' lang='lat' dir='ltr'>nos</span> <span class='ocrx_word' id='word_1_43' title='bbox 1335 1479 1428 1553; x_wconf 89' lang='lat' dir='ltr'>leone</span> <span class='ocrx_word' id='word_1_44' title='bbox 1450 1481 1508 1575; x_wconf 89' lang='lat' dir='ltr'>qui</span> <span class='ocrx_word' id='word_1_45' title='bbox 1530 1485 1648 1553; x_wconf 80' lang='lat' dir='ltr'>numi-</span> 
     </span>
    </p>
   </div>
   <div class='ocr_carea' id='block_1_3' title="bbox 138 1596 1709 4962">
    <p class='ocr_par' dir='ltr' id='par_1_3' title="bbox 138 1596 1709 4962">
     <span class='ocr_line' id='line_1_5' title="bbox 227 1596 1645 1700; baseline 0.006 -29"><span class='ocrx_word' id='word_1_46' title='bbox 227 1614 327 1674; x_wconf 87' lang='lat' dir='ltr'>natur</span> <span class='ocrx_word' id='word_1_47' title='bbox 349 1601 508 1674; x_wconf 79' lang='lat' dir='ltr'>levnra‘no</span> <span class='ocrx_word' id='word_1_48' title='bbox 529 1597 598 1673; x_wconf 77' lang='lat' dir='ltr'>filio</span> <span class='ocrx_word' id='word_1_49' title='bbox 622 1599 788 1695; x_wconf 87' lang='lat' dir='ltr'>quondam</span> <span class='ocrx_word' id='word_1_50' title='bbox 810 1596 898 1690; x_wconf 85' lang='lat' dir='ltr'>petri</span> <span class='ocrx_word' id='word_1_51' title='bbox 920 1597 961 1669; x_wconf 92' lang='lat' dir='ltr'>de</span> <span class='ocrx_word' id='word_1_52' title='bbox 984 1597 1105 1670; x_wconf 80' lang='lat' dir='ltr'>innuite</span> <span class='ocrx_word' id='word_1_53' title='bbox 1129 1596 1268 1671; x_wconf 74' lang='lat' dir='ltr'>abitatnr</span> <span class='ocrx_word' id='word_1_54' title='bbox 1290 1603 1326 1672; x_wconf 93' lang='lat' dir='ltr'>in</span> <span class='ocrx_word' id='word_1_55' title='bbox 1349 1627 1485 1676; x_wconf 85' lang='lat' dir='ltr'>arerre:</span> <span class='ocrx_word' id='word_1_56' title='bbox 1509 1608 1541 1676; x_wconf 83' lang='grc' dir='ltr'>Α</span> <span class='ocrx_word' id='word_1_57' title='bbox 1563 1631 1645 1700; x_wconf 60' lang='lat' dir='ltr'>pre*</span> 
     </span>
     <span class='ocr_line' id='line_1_6' title="bbox 229 1725 1646 1824; baseline 0.005 -25"><span class='ocrx_word' id='word_1_58' title='bbox 229 1733 314 1802; x_wconf 82' lang='lat' dir='ltr'>nenti</span> <span class='ocrx_word' id='word_1_59' title='bbox 337 1730 389 1802; x_wconf 87' lang='lat' dir='ltr'>die</span> <span class='ocrx_word' id='word_1_60' title='bbox 413 1725 632 1824; x_wconf 75' lang='lat' dir='ltr'>promtissima</span> <span class='ocrx_word' id='word_1_61' title='bbox 655 1726 836 1798; x_wconf 72' lang='lat' dir='ltr'>volumtate</span> <span class='ocrx_word' id='word_1_62' title='bbox 861 1725 1023 1822; x_wconf 86' lang='lat' dir='ltr'>prumietu</span> <span class='ocrx_word' id='word_1_63' title='bbox 1046 1725 1140 1800; x_wconf 82' lang='lat' dir='ltr'>vobis</span> <span class='ocrx_word' id='word_1_64' title='bbox 1156 1725 1289 1800; x_wconf 82' lang='lat' dir='ltr'>dominu</span> <span class='ocrx_word' id='word_1_65' title='bbox 1306 1731 1449 1823; x_wconf 78' lang='lat' dir='ltr'>pancrati</span> <span class='ocrx_word' id='word_1_66' title='bbox 1470 1733 1646 1806; x_wconf 83' lang='lat' dir='ltr'>venerabili</span> 
     </span>
     <span class='ocr_line' id='line_1_7' title="bbox 226 1847 1648 1952; baseline 0.006 -28"><span class='ocrx_word' id='word_1_67' title='bbox 226 1856 387 1949; x_wconf 81' lang='lat' dir='ltr'>igumeno</span> <span class='ocrx_word' id='word_1_68' title='bbox 416 1854 605 1928; x_wconf 84' lang='lat' dir='ltr'>monasterii</span> <span class='ocrx_word' id='word_1_69' title='bbox 638 1865 826 1926; x_wconf 84' lang='lat' dir='ltr'>sanctorum</span> <span class='ocrx_word' id='word_1_70' title='bbox 854 1854 953 1948; x_wconf 80' lang='lat' dir='ltr'>sergii</span> <span class='ocrx_word' id='word_1_71' title='bbox 977 1863 1011 1926; x_wconf 89' lang='lat' dir='ltr'>et</span> <span class='ocrx_word' id='word_1_72' title='bbox 1031 1847 1161 1926; x_wconf 73' lang='lat' dir='ltr'>berbii:</span> <span class='ocrx_word' id='word_1_73' title='bbox 1187 1855 1245 1948; x_wconf 89' lang='lat' dir='ltr'>qui</span> <span class='ocrx_word' id='word_1_74' title='bbox 1262 1873 1350 1928; x_wconf 86' lang='lat' dir='ltr'>nuuc</span> <span class='ocrx_word' id='word_1_75' title='bbox 1367 1868 1580 1952; x_wconf 79' lang='lat' dir='ltr'>congregatus</span> <span class='ocrx_word' id='word_1_76' title='bbox 1600 1871 1648 1933; x_wconf 86' lang='lat' dir='ltr'>est</span> 
     </span>
     <span class='ocr_line' id='line_1_8' title="bbox 226 1980 1647 2078; baseline 0.006 -26"><span class='ocrx_word' id='word_1_77' title='bbox 226 1985 263 2053; x_wconf 84' lang='lat' dir='ltr'>in</span> <span class='ocrx_word' id='word_1_78' title='bbox 287 1982 483 2053; x_wconf 87' lang='lat' dir='ltr'>munasterio</span> <span class='ocrx_word' id='word_1_79' title='bbox 497 1989 683 2054; x_wconf 76' lang='lat' dir='ltr'>sanctorum</span> <span class='ocrx_word' id='word_1_80' title='bbox 696 1981 848 2054; x_wconf 87' lang='lat' dir='ltr'>theodori</span> <span class='ocrx_word' id='word_1_81' title='bbox 863 1995 895 2054; x_wconf 93' lang='lat' dir='ltr'>et</span> <span class='ocrx_word' id='word_1_82' title='bbox 911 1981 1080 2055; x_wconf 85' lang='lat' dir='ltr'>sebastiani</span> <span class='ocrx_word' id='word_1_83' title='bbox 1096 1980 1153 2077; x_wconf 86' lang='lat' dir='ltr'>qui</span> <span class='ocrx_word' id='word_1_84' title='bbox 1170 1980 1350 2076; x_wconf 86' lang='lat' dir='ltr'>appellatur</span> <span class='ocrx_word' id='word_1_85' title='bbox 1369 1984 1527 2078; x_wconf 79' lang='lat' dir='ltr'>casapicta</span> <span class='ocrx_word' id='word_1_86' title='bbox 1548 1986 1647 2061; x_wconf 87' lang='lat' dir='ltr'>situm</span> 
     </span>
     <span class='ocr_line' id='line_1_9' title="bbox 224 2104 1681 2205; baseline 0.005 -29"><span class='ocrx_word' id='word_1_87' title='bbox 224 2109 263 2176; x_wconf 84' lang='lat' dir='ltr'>in</span> <span class='ocrx_word' id='word_1_88' title='bbox 278 2104 495 2178; x_wconf 73' lang='lat' dir='ltr'>viridiarium</span> <span class='ocrx_word' id='word_1_89' title='bbox 509 2111 543 2175; x_wconf 87' lang='lat' dir='ltr'>et</span> <span class='ocrx_word' id='word_1_90' title='bbox 556 2113 589 2174; x_wconf 89' lang='lat' dir='ltr'>at</span> <span class='ocrx_word' id='word_1_91' title='bbox 600 2113 701 2175; x_wconf 82' lang='lat' dir='ltr'>ennta</span> <span class='ocrx_word' id='word_1_92' title='bbox 714 2113 826 2177; x_wconf 72' lang='lat' dir='ltr'>retra</span> <span class='ocrx_word' id='word_1_93' title='bbox 835 2105 1091 2198; x_wconf 78' lang='lat' dir='ltr'>eungregatiun&#39;e</span> <span class='ocrx_word' id='word_1_94' title='bbox 1105 2105 1340 2176; x_wconf 82' lang='lat' dir='ltr'>monachorum</span> <span class='ocrx_word' id='word_1_95' title='bbox 1354 2109 1525 2179; x_wconf 79' lang='lat' dir='ltr'>memorati</span> <span class='ocrx_word' id='word_1_96' title='bbox 1545 2113 1646 2184; x_wconf 82' lang='lat' dir='ltr'>saneti</span> <span class='ocrx_word' id='word_1_97' title='bbox 1677 2197 1681 2205; x_wconf 23' lang='grc' dir='ltr'>Ι</span> 
     </span>
     <span class='ocr_line' id='line_1_10' title="bbox 219 2224 1647 2320; baseline 0.003 -22"><span class='ocrx_word' id='word_1_98' title='bbox 219 2237 264 2298; x_wconf 80' lang='lat' dir='ltr'>et</span> <span class='ocrx_word' id='word_1_99' title='bbox 292 2225 484 2299; x_wconf 80' lang='lat' dir='ltr'>venerabilis</span> <span class='ocrx_word' id='word_1_100' title='bbox 506 2224 606 2300; x_wconf 78' lang='lat' dir='ltr'>re&#39;stri</span> <span class='ocrx_word' id='word_1_101' title='bbox 629 2225 838 2297; x_wconf 83' lang='lat' dir='ltr'>monasterii:</span> <span class='ocrx_word' id='word_1_102' title='bbox 860 2237 996 2320; x_wconf 87' lang='lat' dir='ltr'>prepter</span> <span class='ocrx_word' id='word_1_103' title='bbox 1017 2225 1143 2320; x_wconf 69' lang='lat' dir='ltr'>integre</span> <span class='ocrx_word' id='word_1_104' title='bbox 1162 2226 1228 2298; x_wconf 65' lang='lat' dir='ltr'>‘due</span> <span class='ocrx_word' id='word_1_105' title='bbox 1250 2225 1353 2318; x_wconf 80' lang='lat' dir='ltr'>peries</span> <span class='ocrx_word' id='word_1_106' title='bbox 1375 2229 1415 2299; x_wconf 93' lang='lat' dir='ltr'>de</span> <span class='ocrx_word' id='word_1_107' title='bbox 1440 2237 1540 2300; x_wconf 86' lang='lat' dir='ltr'>terras</span> <span class='ocrx_word' id='word_1_108' title='bbox 1568 2234 1647 2304; x_wconf 89' lang='lat' dir='ltr'>iuris</span> 
     </span>
     <span class='ocr_line' id='line_1_11' title="bbox 219 2353 1648 2430; baseline 0.002 -3"><span class='ocrx_word' id='word_1_109' title='bbox 219 2357 397 2428; x_wconf 79' lang='lat' dir='ltr'>memorati</span> <span class='ocrx_word' id='word_1_110' title='bbox 412 2355 516 2427; x_wconf 82' lang='lat' dir='ltr'>saneti</span> <span class='ocrx_word' id='word_1_111' title='bbox 533 2363 573 2424; x_wconf 84' lang='lat' dir='ltr'>et</span> <span class='ocrx_word' id='word_1_112' title='bbox 593 2353 787 2425; x_wconf 79' lang='lat' dir='ltr'>uenerabilis</span> <span class='ocrx_word' id='word_1_113' title='bbox 809 2353 909 2422; x_wconf 79' lang='lat' dir='ltr'>uestri</span> <span class='ocrx_word' id='word_1_114' title='bbox 933 2353 1273 2424; x_wconf 64' lang='lat' dir='ltr'>monasteterium</span> <span class='ocrx_word' id='word_1_115' title='bbox 1297 2375 1335 2423; x_wconf 86' lang='lat' dir='ltr'>eu</span> <span class='ocrx_word' id='word_1_116' title='bbox 1358 2365 1407 2426; x_wconf 86' lang='lat' dir='ltr'>est</span> <span class='ocrx_word' id='word_1_117' title='bbox 1430 2356 1590 2430; x_wconf 73' lang='lat' dir='ltr'>arbustam</span> <span class='ocrx_word' id='word_1_118' title='bbox 1615 2371 1648 2430; x_wconf 87' lang='lat' dir='ltr'>et</span> 
     </span>
     <span class='ocr_line' id='line_1_12' title="bbox 222 2478 1709 2575; baseline 0.003 -20"><span class='ocrx_word' id='word_1_119' title='bbox 222 2483 421 2556; x_wconf 82' lang='lat' dir='ltr'>nominatur</span> <span class='ocrx_word' id='word_1_120' title='bbox 437 2481 474 2552; x_wconf 92' lang='lat' dir='ltr'>in</span> <span class='ocrx_word' id='word_1_121' title='bbox 496 2499 613 2574; x_wconf 81' lang='lat' dir='ltr'>eampo</span> <span class='ocrx_word' id='word_1_122' title='bbox 634 2478 758 2548; x_wconf 82' lang='lat' dir='ltr'>meiere</span> <span class='ocrx_word' id='word_1_123' title='bbox 781 2478 886 2572; x_wconf 87' lang='lat' dir='ltr'>posita</span> <span class='ocrx_word' id='word_1_124' title='bbox 909 2479 944 2549; x_wconf 90' lang='lat' dir='ltr'>in</span> <span class='ocrx_word' id='word_1_125' title='bbox 966 2480 1040 2550; x_wconf 82' lang='lat' dir='ltr'>locu</span> <span class='ocrx_word' id='word_1_126' title='bbox 1055 2480 1114 2573; x_wconf 87' lang='lat' dir='ltr'>qui</span> <span class='ocrx_word' id='word_1_127' title='bbox 1131 2483 1317 2552; x_wconf 86' lang='lat' dir='ltr'>nominatur</span> <span class='ocrx_word' id='word_1_128' title='bbox 1330 2483 1546 2575; x_wconf 83' lang='lat' dir='ltr'>pumilianum</span> <span class='ocrx_word' id='word_1_129' title='bbox 1564 2489 1645 2559; x_wconf 87' lang='lat' dir='ltr'>ioris</span> <span class='ocrx_word' id='word_1_130' title='bbox 1708 2479 1709 2482; x_wconf 49' lang='lat'>&#39;</span> 
     </span>
     <span class='ocr_line' id='line_1_13' title="bbox 226 2605 1647 2704; baseline -0.001 -23"><span class='ocrx_word' id='word_1_131' title='bbox 226 2633 362 2684; x_wconf 81' lang='lat' dir='ltr'>arcora:</span> <span class='ocrx_word' id='word_1_132' title='bbox 379 2621 420 2681; x_wconf 85' lang='lat' dir='ltr'>et</span> <span class='ocrx_word' id='word_1_133' title='bbox 442 2608 577 2682; x_wconf 85' lang='lat' dir='ltr'>aliaest</span> <span class='ocrx_word' id='word_1_134' title='bbox 599 2627 745 2701; x_wconf 80' lang='lat' dir='ltr'>campere</span> <span class='ocrx_word' id='word_1_135' title='bbox 768 2616 801 2677; x_wconf 90' lang='lat' dir='ltr'>et</span> <span class='ocrx_word' id='word_1_136' title='bbox 818 2614 873 2677; x_wconf 85' lang='lat' dir='ltr'>est</span> <span class='ocrx_word' id='word_1_137' title='bbox 895 2606 979 2678; x_wconf 83' lang='lat' dir='ltr'>iusta</span> <span class='ocrx_word' id='word_1_138' title='bbox 1002 2605 1056 2676; x_wconf 84' lang='lat' dir='ltr'>ilia</span> <span class='ocrx_word' id='word_1_139' title='bbox 1081 2605 1198 2701; x_wconf 84' lang='lat' dir='ltr'>padule</span> <span class='ocrx_word' id='word_1_140' title='bbox 1220 2616 1253 2676; x_wconf 81' lang='lat' dir='ltr'>at</span> <span class='ocrx_word' id='word_1_141' title='bbox 1274 2607 1333 2680; x_wconf 88' lang='lat' dir='ltr'>illu</span> <span class='ocrx_word' id='word_1_142' title='bbox 1347 2609 1449 2704; x_wconf 81' lang='lat' dir='ltr'>ponte</span> <span class='ocrx_word' id='word_1_143' title='bbox 1460 2613 1501 2684; x_wconf 89' lang='lat' dir='ltr'>de</span> <span class='ocrx_word' id='word_1_144' title='bbox 1521 2634 1647 2682; x_wconf 79' lang='lat' dir='ltr'>memn-</span> 
     </span>
     <span class='ocr_line' id='line_1_14' title="bbox 226 2729 1646 2826; baseline 0 -20"><span class='ocrx_word' id='word_1_145' title='bbox 226 2745 302 2808; x_wconf 81' lang='lat' dir='ltr'>rato</span> <span class='ocrx_word' id='word_1_146' title='bbox 324 2736 399 2806; x_wconf 83' lang='lat' dir='ltr'>loeo</span> <span class='ocrx_word' id='word_1_147' title='bbox 422 2755 554 2806; x_wconf 83' lang='lat' dir='ltr'>acerra:</span> <span class='ocrx_word' id='word_1_148' title='bbox 577 2753 643 2803; x_wconf 87' lang='lat' dir='ltr'>una</span> <span class='ocrx_word' id='word_1_149' title='bbox 666 2753 742 2802; x_wconf 85' lang='lat' dir='ltr'>eum</span> <span class='ocrx_word' id='word_1_150' title='bbox 766 2729 937 2802; x_wconf 79' lang='lat' dir='ltr'>erroribus</span> <span class='ocrx_word' id='word_1_151' title='bbox 959 2737 993 2802; x_wconf 82' lang='lat' dir='ltr'>st</span> <span class='ocrx_word' id='word_1_152' title='bbox 1008 2729 1157 2802; x_wconf 82' lang='lat' dir='ltr'>introitus</span> <span class='ocrx_word' id='word_1_153' title='bbox 1179 2751 1253 2800; x_wconf 83' lang='lat' dir='ltr'>suns</span> <span class='ocrx_word' id='word_1_154' title='bbox 1262 2740 1301 2800; x_wconf 85' lang='lat' dir='ltr'>et</span> <span class='ocrx_word' id='word_1_155' title='bbox 1314 2731 1466 2808; x_wconf 85' lang='lat' dir='ltr'>omnibns</span> <span class='ocrx_word' id='word_1_156' title='bbox 1485 2733 1548 2804; x_wconf 87' lang='lat' dir='ltr'>sivi</span> <span class='ocrx_word' id='word_1_157' title='bbox 1564 2745 1646 2826; x_wconf 60' lang='lat' dir='ltr'>per-2</span> 
     </span>
     <span class='ocr_line' id='line_1_15' title="bbox 225 2855 1646 2950; baseline 0.001 -20"><span class='ocrx_word' id='word_1_158' title='bbox 225 2859 428 2932; x_wconf 77' lang='lat' dir='ltr'>timentibus:</span> <span class='ocrx_word' id='word_1_159' title='bbox 455 2859 629 2932; x_wconf 76' lang='lat' dir='ltr'>coherente</span> <span class='ocrx_word' id='word_1_160' title='bbox 646 2858 715 2930; x_wconf 78' lang='lat' dir='ltr'>sivi</span> <span class='ocrx_word' id='word_1_161' title='bbox 733 2882 758 2928; x_wconf 87' lang='lat' dir='ltr'>-a</span> <span class='ocrx_word' id='word_1_162' title='bbox 781 2865 959 2928; x_wconf 81' lang='lat' dir='ltr'>memoratu</span> <span class='ocrx_word' id='word_1_163' title='bbox 982 2857 1068 2948; x_wconf 88' lang='lat' dir='ltr'>petia</span> <span class='ocrx_word' id='word_1_164' title='bbox 1092 2856 1150 2950; x_wconf 89' lang='lat' dir='ltr'>qui</span> <span class='ocrx_word' id='word_1_165' title='bbox 1165 2864 1212 2927; x_wconf 82' lang='lat' dir='ltr'>est</span> <span class='ocrx_word' id='word_1_166' title='bbox 1227 2855 1388 2930; x_wconf 85' lang='lat' dir='ltr'>arbmtata</span> <span class='ocrx_word' id='word_1_167' title='bbox 1407 2865 1439 2930; x_wconf 89' lang='lat' dir='ltr'>et</span> <span class='ocrx_word' id='word_1_168' title='bbox 1459 2860 1646 2932; x_wconf 86' lang='lat' dir='ltr'>nominatur</span> 
     </span>
     <span class='ocr_line' id='line_1_16' title="bbox 221 2978 1645 3078; baseline 0 -22"><span class='ocrx_word' id='word_1_169' title='bbox 221 2986 262 3056; x_wconf 93' lang='lat' dir='ltr'>in</span> <span class='ocrx_word' id='word_1_170' title='bbox 285 3005 399 3078; x_wconf 78' lang='lat' dir='ltr'>eampo</span> <span class='ocrx_word' id='word_1_171' title='bbox 429 2984 554 3056; x_wconf 83' lang='lat' dir='ltr'>maiore</span> <span class='ocrx_word' id='word_1_172' title='bbox 586 2983 628 3054; x_wconf 90' lang='lat' dir='ltr'>de</span> <span class='ocrx_word' id='word_1_173' title='bbox 658 3001 727 3052; x_wconf 87' lang='lat' dir='ltr'>uno</span> <span class='ocrx_word' id='word_1_174' title='bbox 749 2979 850 3052; x_wconf 86' lang='lat' dir='ltr'>tatere</span> <span class='ocrx_word' id='word_1_175' title='bbox 874 2990 960 3050; x_wconf 86' lang='lat' dir='ltr'>terra</span> <span class='ocrx_word' id='word_1_176' title='bbox 976 2978 1024 3050; x_wconf 86' lang='lat' dir='ltr'>de</span> <span class='ocrx_word' id='word_1_177' title='bbox 1045 2978 1096 3050; x_wconf 86' lang='lat' dir='ltr'>itti</span> <span class='ocrx_word' id='word_1_178' title='bbox 1120 2978 1160 3050; x_wconf 86' lang='lat' dir='ltr'>de</span> <span class='ocrx_word' id='word_1_179' title='bbox 1184 2979 1349 3052; x_wconf 75' lang='lat' dir='ltr'>altmumr</span> <span class='ocrx_word' id='word_1_180' title='bbox 1382 2981 1477 3054; x_wconf 82' lang='lat' dir='ltr'>sicuti</span> <span class='ocrx_word' id='word_1_181' title='bbox 1501 2983 1585 3054; x_wconf 88' lang='lat' dir='ltr'>iuter</span> <span class='ocrx_word' id='word_1_182' title='bbox 1610 3005 1645 3056; x_wconf 86' lang='lat' dir='ltr'>se</span> 
     </span>
     <span class='ocr_line' id='line_1_17' title="bbox 223 3102 1643 3180; baseline 0.001 -6"><span class='ocrx_word' id='word_1_183' title='bbox 223 3106 332 3177; x_wconf 79' lang='lat' dir='ltr'>leuata</span> <span class='ocrx_word' id='word_1_184' title='bbox 355 3105 475 3176; x_wconf 84' lang='lat' dir='ltr'>exfinut</span> <span class='ocrx_word' id='word_1_185' title='bbox 491 3129 501 3174; x_wconf 77' lang='lat' dir='ltr'>a</span> <span class='ocrx_word' id='word_1_186' title='bbox 520 3113 558 3177; x_wconf 79' lang='lat' dir='ltr'>et</span> <span class='ocrx_word' id='word_1_187' title='bbox 581 3107 622 3176; x_wconf 91' lang='lat' dir='ltr'>de</span> <span class='ocrx_word' id='word_1_188' title='bbox 645 3103 833 3176; x_wconf 83' lang='lat' dir='ltr'>alietatem</span> <span class='ocrx_word' id='word_1_189' title='bbox 856 3113 942 3174; x_wconf 84' lang='lat' dir='ltr'>terra</span> <span class='ocrx_word' id='word_1_190' title='bbox 966 3103 1008 3176; x_wconf 88' lang='lat' dir='ltr'>de</span> <span class='ocrx_word' id='word_1_191' title='bbox 1027 3102 1078 3174; x_wconf 79' lang='lat' dir='ltr'>itti</span> <span class='ocrx_word' id='word_1_192' title='bbox 1101 3105 1246 3176; x_wconf 78' lang='lat' dir='ltr'>murdssa</span> <span class='ocrx_word' id='word_1_193' title='bbox 1269 3105 1363 3178; x_wconf 81' lang='lat' dir='ltr'>sicuti</span> <span class='ocrx_word' id='word_1_194' title='bbox 1379 3106 1464 3177; x_wconf 88' lang='lat' dir='ltr'>iuter</span> <span class='ocrx_word' id='word_1_195' title='bbox 1488 3108 1643 3180; x_wconf 80' lang='lat' dir='ltr'>relevata</span> 
     </span>
     <span class='ocr_line' id='line_1_18' title="bbox 227 3223 1644 3332; baseline 0.001 -35"><span class='ocrx_word' id='word_1_196' title='bbox 227 3227 375 3298; x_wconf 74' lang='lat' dir='ltr'>exfinat:</span> <span class='ocrx_word' id='word_1_197' title='bbox 396 3228 439 3298; x_wconf 90' lang='lat' dir='ltr'>de</span> <span class='ocrx_word' id='word_1_198' title='bbox 461 3245 530 3302; x_wconf 86' lang='lat' dir='ltr'>uuo</span> <span class='ocrx_word' id='word_1_199' title='bbox 552 3225 656 3318; x_wconf 77' lang='lat' dir='ltr'>cupite</span> <span class='ocrx_word' id='word_1_200' title='bbox 680 3223 811 3298; x_wconf 78' lang='lat' dir='ltr'>reiteret</span> <span class='ocrx_word' id='word_1_201' title='bbox 833 3234 918 3294; x_wconf 88' lang='lat' dir='ltr'>terra</span> <span class='ocrx_word' id='word_1_202' title='bbox 942 3223 1099 3297; x_wconf 80' lang='lat' dir='ltr'>heredum</span> <span class='ocrx_word' id='word_1_203' title='bbox 1122 3223 1247 3298; x_wconf 89' lang='lat' dir='ltr'>domini</span> <span class='ocrx_word' id='word_1_204' title='bbox 1270 3227 1354 3321; x_wconf 90' lang='lat' dir='ltr'>petri</span> <span class='ocrx_word' id='word_1_205' title='bbox 1377 3229 1539 3332; x_wconf 78' lang='lat' dir='ltr'>palmese:</span> <span class='ocrx_word' id='word_1_206' title='bbox 1557 3231 1644 3298; x_wconf 83' lang='lat' dir='ltr'>etde</span> 
     </span>
     <span class='ocr_line' id='line_1_19' title="bbox 228 3348 1651 3446; baseline 0 -22"><span class='ocrx_word' id='word_1_207' title='bbox 228 3352 300 3424; x_wconf 75' lang='lat' dir='ltr'>atto</span> <span class='ocrx_word' id='word_1_208' title='bbox 324 3351 428 3445; x_wconf 80' lang='lat' dir='ltr'>eapite</span> <span class='ocrx_word' id='word_1_209' title='bbox 450 3361 537 3422; x_wconf 83' lang='lat' dir='ltr'>terra</span> <span class='ocrx_word' id='word_1_210' title='bbox 558 3351 601 3422; x_wconf 86' lang='lat' dir='ltr'>de</span> <span class='ocrx_word' id='word_1_211' title='bbox 622 3348 677 3420; x_wconf 79' lang='lat' dir='ltr'>ilii·</span> <span class='ocrx_word' id='word_1_212' title='bbox 679 3399 830 3422; x_wconf 91' lang='grc'><strong>.......</strong></span> <span class='ocrx_word' id='word_1_213' title='bbox 850 3359 883 3420; x_wconf 76' lang='lat' dir='ltr'>et</span> <span class='ocrx_word' id='word_1_214' title='bbox 905 3349 946 3420; x_wconf 90' lang='lat' dir='ltr'>de</span> <span class='ocrx_word' id='word_1_215' title='bbox 970 3349 1029 3421; x_wconf 89' lang='lat' dir='ltr'>illu</span> <span class='ocrx_word' id='word_1_216' title='bbox 1041 3349 1297 3424; x_wconf 84' lang='lat' dir='ltr'>mudiusolidne:</span> <span class='ocrx_word' id='word_1_217' title='bbox 1322 3363 1354 3424; x_wconf 90' lang='lat' dir='ltr'>et</span> <span class='ocrx_word' id='word_1_218' title='bbox 1369 3365 1550 3427; x_wconf 87' lang='lat' dir='ltr'>memorata</span> <span class='ocrx_word' id='word_1_219' title='bbox 1566 3356 1651 3446; x_wconf 79' lang='lat' dir='ltr'>petia</span> 
     </span>
     <span class='ocr_line' id='line_1_20' title="bbox 229 3474 1652 3568; baseline -0.001 -18"><span class='ocrx_word' id='word_1_220' title='bbox 229 3480 276 3550; x_wconf 86' lang='lat' dir='ltr'>de</span> <span class='ocrx_word' id='word_1_221' title='bbox 299 3485 384 3547; x_wconf 86' lang='lat' dir='ltr'>terra</span> <span class='ocrx_word' id='word_1_222' title='bbox 401 3496 552 3566; x_wconf 75' lang='lat' dir='ltr'>rumpere</span> <span class='ocrx_word' id='word_1_223' title='bbox 574 3474 634 3567; x_wconf 88' lang='lat' dir='ltr'>qui</span> <span class='ocrx_word' id='word_1_224' title='bbox 658 3485 706 3544; x_wconf 85' lang='lat' dir='ltr'>est</span> <span class='ocrx_word' id='word_1_225' title='bbox 729 3475 813 3544; x_wconf 84' lang='lat' dir='ltr'>iusta</span> <span class='ocrx_word' id='word_1_226' title='bbox 837 3474 943 3567; x_wconf 89' lang='lat' dir='ltr'>ipsum</span> <span class='ocrx_word' id='word_1_227' title='bbox 963 3485 1066 3568; x_wconf 90' lang='lat' dir='ltr'>ponte</span> <span class='ocrx_word' id='word_1_228' title='bbox 1080 3474 1211 3548; x_wconf 88' lang='lat' dir='ltr'>eoberet</span> <span class='ocrx_word' id='word_1_229' title='bbox 1225 3476 1287 3548; x_wconf 83' lang='lat' dir='ltr'>siri</span> <span class='ocrx_word' id='word_1_230' title='bbox 1311 3477 1354 3550; x_wconf 89' lang='lat' dir='ltr'>ab</span> <span class='ocrx_word' id='word_1_231' title='bbox 1368 3500 1435 3550; x_wconf 88' lang='lat' dir='ltr'>uno</span> <span class='ocrx_word' id='word_1_232' title='bbox 1451 3481 1548 3551; x_wconf 86' lang='lat' dir='ltr'>tatere</span> <span class='ocrx_word' id='word_1_233' title='bbox 1565 3490 1652 3550; x_wconf 84' lang='lat' dir='ltr'>terra</span> 
     </span>
     <span class='ocr_line' id='line_1_21' title="bbox 228 3598 1648 3681; baseline 0.002 -7"><span class='ocrx_word' id='word_1_234' title='bbox 228 3603 276 3674; x_wconf 87' lang='lat' dir='ltr'>de</span> <span class='ocrx_word' id='word_1_235' title='bbox 300 3601 394 3674; x_wconf 90' lang='lat' dir='ltr'>illum</span> <span class='ocrx_word' id='word_1_236' title='bbox 417 3601 629 3674; x_wconf 79' lang='lat' dir='ltr'>mannneeiar</span> <span class='ocrx_word' id='word_1_237' title='bbox 662 3609 694 3671; x_wconf 89' lang='lat' dir='ltr'>et</span> <span class='ocrx_word' id='word_1_238' title='bbox 726 3599 781 3672; x_wconf 85' lang='lat' dir='ltr'>dn·</span> <span class='ocrx_word' id='word_1_239' title='bbox 799 3598 864 3670; x_wconf 83' lang='lat' dir='ltr'>aliu</span> <span class='ocrx_word' id='word_1_240' title='bbox 887 3599 987 3672; x_wconf 78' lang='lat' dir='ltr'>lutare</span> <span class='ocrx_word' id='word_1_241' title='bbox 1019 3611 1104 3672; x_wconf 84' lang='lat' dir='ltr'>terra</span> <span class='ocrx_word' id='word_1_242' title='bbox 1134 3603 1174 3673; x_wconf 88' lang='lat' dir='ltr'>de</span> <span class='ocrx_word' id='word_1_243' title='bbox 1194 3603 1256 3676; x_wconf 88' lang='lat' dir='ltr'>illu</span> <span class='ocrx_word' id='word_1_244' title='bbox 1280 3604 1477 3678; x_wconf 78' lang='lat' dir='ltr'>bmuuceia:</span> <span class='ocrx_word' id='word_1_245' title='bbox 1509 3611 1548 3681; x_wconf 88' lang='lat' dir='ltr'>de</span> <span class='ocrx_word' id='word_1_246' title='bbox 1581 3617 1648 3680; x_wconf 80' lang='lat' dir='ltr'>u&#39;nn</span> 
     </span>
     <span class='ocr_line' id='line_1_22' title="bbox 227 3725 1649 3832; baseline 0.004 -33"><span class='ocrx_word' id='word_1_247' title='bbox 227 3729 339 3824; x_wconf 79' lang='lat' dir='ltr'>eapite</span> <span class='ocrx_word' id='word_1_248' title='bbox 354 3739 418 3801; x_wconf 65' lang='lat' dir='ltr'>‘est</span> <span class='ocrx_word' id='word_1_249' title='bbox 438 3728 512 3822; x_wconf 77' lang='lat' dir='ltr'>iper</span> <span class='ocrx_word' id='word_1_250' title='bbox 536 3726 652 3822; x_wconf 82' lang='lat' dir='ltr'>pndule</span> <span class='ocrx_word' id='word_1_251' title='bbox 676 3737 782 3798; x_wconf 81' lang='lat' dir='ltr'>vestra</span> <span class='ocrx_word' id='word_1_252' title='bbox 803 3725 952 3832; x_wconf 72' lang='lat' dir='ltr'>¹quabter</span> <span class='ocrx_word' id='word_1_253' title='bbox 973 3729 1065 3802; x_wconf 77' lang='lat' dir='ltr'>rudit</span> <span class='ocrx_word' id='word_1_254' title='bbox 1088 3741 1120 3800; x_wconf 89' lang='lat' dir='ltr'>et</span> <span class='ocrx_word' id='word_1_255' title='bbox 1138 3731 1241 3802; x_wconf 83' lang='lat' dir='ltr'>intrat</span> <span class='ocrx_word' id='word_1_256' title='bbox 1262 3732 1350 3804; x_wconf 88' lang='lat' dir='ltr'>intus</span> <span class='ocrx_word' id='word_1_257' title='bbox 1374 3735 1458 3804; x_wconf 89' lang='lat' dir='ltr'>bena</span> <span class='ocrx_word' id='word_1_258' title='bbox 1477 3735 1521 3806; x_wconf 89' lang='lat' dir='ltr'>da</span> <span class='ocrx_word' id='word_1_259' title='bbox 1554 3735 1649 3805; x_wconf 88' lang='lat' dir='ltr'>lane·</span> 
     </span>
     <span class='ocr_line' id='line_1_23' title="bbox 138 3837 1652 3952; baseline 0.003 -26"><span class='ocrx_word' id='word_1_260' title='bbox 138 3837 142 3844; x_wconf 43' lang='lat'>¹</span> <span class='ocrx_word' id='word_1_261' title='bbox 230 3876 318 3926; x_wconf 84' lang='lat' dir='ltr'>um:</span> <span class='ocrx_word' id='word_1_262' title='bbox 342 3863 375 3924; x_wconf 90' lang='lat' dir='ltr'>et</span> <span class='ocrx_word' id='word_1_263' title='bbox 397 3855 437 3926; x_wconf 90' lang='lat' dir='ltr'>de</span> <span class='ocrx_word' id='word_1_264' title='bbox 456 3853 525 3926; x_wconf 80' lang='lat' dir='ltr'>atta</span> <span class='ocrx_word' id='word_1_265' title='bbox 547 3853 651 3948; x_wconf 85' lang='lat' dir='ltr'>rapite</span> <span class='ocrx_word' id='word_1_266' title='bbox 670 3861 759 3924; x_wconf 44' lang='lat' dir='ltr'>&#39;mma</span> <span class='ocrx_word' id='word_1_267' title='bbox 781 3852 865 3946; x_wconf 87' lang='lat' dir='ltr'>petri</span> <span class='ocrx_word' id='word_1_268' title='bbox 889 3851 967 3948; x_wconf 85' lang='lat' dir='ltr'>pilia</span> <span class='ocrx_word' id='word_1_269' title='bbox 991 3854 1030 3926; x_wconf 93' lang='lat' dir='ltr'>de</span> <span class='ocrx_word' id='word_1_270' title='bbox 1045 3866 1226 3927; x_wconf 82' lang='lat' dir='ltr'>memorate</span> <span class='ocrx_word' id='word_1_271' title='bbox 1241 3857 1315 3928; x_wconf 84' lang='lat' dir='ltr'>luco</span> <span class='ocrx_word' id='word_1_272' title='bbox 1331 3859 1547 3952; x_wconf 77' lang='lat' dir='ltr'>pumilianum</span> <span class='ocrx_word' id='word_1_273' title='bbox 1571 3881 1652 3952; x_wconf 82' lang='lat' dir='ltr'>quas</span> 
     </span>
     <span class='ocr_line' id='line_1_24' title="bbox 229 3980 1649 4074; baseline -0.001 -18"><span class='ocrx_word' id='word_1_274' title='bbox 229 4002 317 4056; x_wconf 72' lang='lat' dir='ltr'>uero</span> <span class='ocrx_word' id='word_1_275' title='bbox 333 3991 515 4054; x_wconf 85' lang='lat' dir='ltr'>memorrte</span> <span class='ocrx_word' id='word_1_276' title='bbox 533 3981 665 4074; x_wconf 70' lang='lat' dir='ltr'>integre</span> <span class='ocrx_word' id='word_1_277' title='bbox 687 3980 751 4054; x_wconf 83' lang='lat' dir='ltr'>due</span> <span class='ocrx_word' id='word_1_278' title='bbox 774 3981 876 4074; x_wconf 85' lang='lat' dir='ltr'>peties</span> <span class='ocrx_word' id='word_1_279' title='bbox 899 3981 940 4054; x_wconf 90' lang='lat' dir='ltr'>de</span> <span class='ocrx_word' id='word_1_280' title='bbox 963 3993 1141 4054; x_wconf 85' lang='lat' dir='ltr'>memoratu</span> <span class='ocrx_word' id='word_1_281' title='bbox 1157 3995 1243 4056; x_wconf 85' lang='lat' dir='ltr'>terra</span> <span class='ocrx_word' id='word_1_282' title='bbox 1253 3986 1338 4056; x_wconf 87' lang='lat' dir='ltr'>iuris</span> <span class='ocrx_word' id='word_1_283' title='bbox 1353 3986 1523 4056; x_wconf 81' lang='lat' dir='ltr'>memorati</span> <span class='ocrx_word' id='word_1_284' title='bbox 1547 3990 1649 4056; x_wconf 86' lang='lat' dir='ltr'>saneti</span> 
     </span>
     <span class='ocr_line' id='line_1_25' title="bbox 226 4102 1651 4202; baseline 0.003 -24"><span class='ocrx_word' id='word_1_285' title='bbox 226 4105 334 4178; x_wconf 58' lang='lat' dir='ltr'>*esui</span> <span class='ocrx_word' id='word_1_286' title='bbox 358 4104 543 4175; x_wconf 79' lang='lat' dir='ltr'>monasterii</span> <span class='ocrx_word' id='word_1_287' title='bbox 563 4114 603 4176; x_wconf 89' lang='lat' dir='ltr'>nt</span> <span class='ocrx_word' id='word_1_288' title='bbox 624 4123 722 4198; x_wconf 88' lang='lat' dir='ltr'>snper</span> <span class='ocrx_word' id='word_1_289' title='bbox 743 4102 865 4196; x_wconf 77' lang='lat' dir='ltr'>legitur</span> <span class='ocrx_word' id='word_1_290' title='bbox 887 4103 970 4179; x_wconf 91' lang='lat' dir='ltr'>mibi</span> <span class='ocrx_word' id='word_1_291' title='bbox 994 4106 1139 4202; x_wconf 82' lang='lat' dir='ltr'>meisque</span> <span class='ocrx_word' id='word_1_292' title='bbox 1161 4107 1301 4202; x_wconf 76' lang='lat' dir='ltr'>propriis</span> <span class='ocrx_word' id='word_1_293' title='bbox 1325 4107 1497 4182; x_wconf 85' lang='lat' dir='ltr'>heredibus</span> <span class='ocrx_word' id='word_1_294' title='bbox 1519 4109 1651 4182; x_wconf 86' lang='lat' dir='ltr'>dedistis</span> 
     </span>
     <span class='ocr_line' id='line_1_26' title="bbox 231 4229 1644 4333; baseline 0.003 -29"><span class='ocrx_word' id='word_1_295' title='bbox 231 4245 270 4304; x_wconf 81' lang='lat' dir='ltr'>at</span> <span class='ocrx_word' id='word_1_296' title='bbox 293 4229 507 4304; x_wconf 84' lang='lat' dir='ltr'>larormdum</span> <span class='ocrx_word' id='word_1_297' title='bbox 530 4239 563 4299; x_wconf 84' lang='lat' dir='ltr'>et</span> <span class='ocrx_word' id='word_1_298' title='bbox 585 4229 812 4303; x_wconf 85' lang='lat' dir='ltr'>detinendum:</span> <span class='ocrx_word' id='word_1_299' title='bbox 830 4231 870 4302; x_wconf 88' lang='lat' dir='ltr'>-in</span> <span class='ocrx_word' id='word_1_300' title='bbox 893 4255 933 4306; x_wconf 86' lang='lat' dir='ltr'>eu</span> <span class='ocrx_word' id='word_1_301' title='bbox 956 4242 1069 4306; x_wconf 82' lang='lat' dir='ltr'>tenure</span> <span class='ocrx_word' id='word_1_302' title='bbox 1092 4243 1130 4305; x_wconf 86' lang='lat' dir='ltr'>ut</span> <span class='ocrx_word' id='word_1_303' title='bbox 1152 4233 1227 4306; x_wconf 87' lang='lat' dir='ltr'>abto</span> <span class='ocrx_word' id='word_1_304' title='bbox 1249 4245 1395 4331; x_wconf 83' lang='lat' dir='ltr'>tempure</span> <span class='ocrx_word' id='word_1_305' title='bbox 1418 4261 1481 4332; x_wconf 82' lang='lat' dir='ltr'>ego</span> <span class='ocrx_word' id='word_1_306' title='bbox 1504 4249 1537 4310; x_wconf 88' lang='lat' dir='ltr'>et</span> <span class='ocrx_word' id='word_1_307' title='bbox 1560 4263 1644 4333; x_wconf 88' lang='lat' dir='ltr'>pro·</span> 
     </span>
     <span class='ocr_line' id='line_1_27' title="bbox 230 4341 1648 4456; baseline 0.006 -27"><span class='ocrx_word' id='word_1_308' title='bbox 230 4360 320 4456; x_wconf 75' lang='lat' dir='ltr'>&#39;priiu</span> <span class='ocrx_word' id='word_1_309' title='bbox 343 4357 424 4430; x_wconf 83' lang='lat' dir='ltr'>meis</span> <span class='ocrx_word' id='word_1_310' title='bbox 446 4353 621 4428; x_wconf 73' lang='lat' dir='ltr'>heredibus</span> <span class='ocrx_word' id='word_1_311' title='bbox 643 4354 716 4426; x_wconf 86' lang='lat' dir='ltr'>illos</span> <span class='ocrx_word' id='word_1_312' title='bbox 739 4375 822 4426; x_wconf 86' lang='lat' dir='ltr'>vene</span> <span class='ocrx_word' id='word_1_313' title='bbox 845 4365 878 4426; x_wconf 88' lang='lat' dir='ltr'>et</span> <span class='ocrx_word' id='word_1_314' title='bbox 901 4357 1071 4451; x_wconf 75' lang='lat' dir='ltr'>diligenter</span> <span class='ocrx_word' id='word_1_315' title='bbox 1093 4362 1239 4434; x_wconf 64' lang='lat' dir='ltr'>irrorare</span> <span class='ocrx_word' id='word_1_316' title='bbox 1261 4341 1468 4436; x_wconf 77' lang='lat' dir='ltr'>et&#39;excolere</span> <span class='ocrx_word' id='word_1_317' title='bbox 1486 4374 1519 4438; x_wconf 83' lang='lat' dir='ltr'>et</span> <span class='ocrx_word' id='word_1_318' title='bbox 1533 4375 1565 4434; x_wconf 82' lang='lat' dir='ltr'>nt</span> <span class='ocrx_word' id='word_1_319' title='bbox 1580 4387 1648 4437; x_wconf 82' lang='lat' dir='ltr'>me-</span> 
     </span>
     <span class='ocr_line' id='line_1_28' title="bbox 236 4477 1643 4574; baseline 0.001 -16"><span class='ocrx_word' id='word_1_320' title='bbox 236 4487 324 4558; x_wconf 78' lang='lat' dir='ltr'>tiore</span> <span class='ocrx_word' id='word_1_321' title='bbox 353 4483 476 4556; x_wconf 80' lang='lat' dir='ltr'>cultum</span> <span class='ocrx_word' id='word_1_322' title='bbox 508 4479 685 4574; x_wconf 87' lang='lat' dir='ltr'>perdunere</span> <span class='ocrx_word' id='word_1_323' title='bbox 715 4477 889 4552; x_wconf 80' lang='lat' dir='ltr'>debeamus</span> <span class='ocrx_word' id='word_1_324' title='bbox 918 4501 997 4552; x_wconf 82' lang='lat' dir='ltr'>enm</span> <span class='ocrx_word' id='word_1_325' title='bbox 1025 4483 1126 4554; x_wconf 79' lang='lat' dir='ltr'>rubes</span> <span class='ocrx_word' id='word_1_326' title='bbox 1148 4477 1275 4560; x_wconf 79' lang='lat' dir='ltr'>nostros</span> <span class='ocrx_word' id='word_1_327' title='bbox 1298 4500 1332 4560; x_wconf 88' lang='lat' dir='ltr'>et</span> <span class='ocrx_word' id='word_1_328' title='bbox 1354 4491 1567 4560; x_wconf 84' lang='lat' dir='ltr'>conciaturias</span> <span class='ocrx_word' id='word_1_329' title='bbox 1590 4492 1643 4560; x_wconf 84' lang='lat' dir='ltr'>vel</span> 
     </span>
     <span class='ocr_line' id='line_1_29' title="bbox 234 4603 1643 4702; baseline 0.002 -21"><span class='ocrx_word' id='word_1_330' title='bbox 234 4611 348 4681; x_wconf 82' lang='lat' dir='ltr'>omnin</span> <span class='ocrx_word' id='word_1_331' title='bbox 369 4627 524 4702; x_wconf 78' lang='lat' dir='ltr'>expensas</span> <span class='ocrx_word' id='word_1_332' title='bbox 547 4603 752 4676; x_wconf 78' lang='lat' dir='ltr'>naueumians</span> <span class='ocrx_word' id='word_1_333' title='bbox 774 4612 808 4673; x_wconf 88' lang='lat' dir='ltr'>et</span> <span class='ocrx_word' id='word_1_334' title='bbox 829 4603 913 4674; x_wconf 77' lang='lat' dir='ltr'>viter</span> <span class='ocrx_word' id='word_1_335' title='bbox 936 4603 971 4675; x_wconf 85' lang='lat' dir='ltr'>iu</span> <span class='ocrx_word' id='word_1_336' title='bbox 994 4617 1171 4678; x_wconf 84' lang='lat' dir='ltr'>memorata</span> <span class='ocrx_word' id='word_1_337' title='bbox 1194 4611 1280 4701; x_wconf 86' lang='lat' dir='ltr'>petia</span> <span class='ocrx_word' id='word_1_338' title='bbox 1305 4611 1347 4682; x_wconf 86' lang='lat' dir='ltr'>de</span> <span class='ocrx_word' id='word_1_339' title='bbox 1370 4623 1456 4684; x_wconf 84' lang='lat' dir='ltr'>terra</span> <span class='ocrx_word' id='word_1_340' title='bbox 1482 4611 1643 4696; x_wconf 80' lang='lat' dir='ltr'>arbustata</span> 
     </span>
     <span class='ocr_line' id='line_1_30' title="bbox 239 4725 1653 4827; baseline 0.005 -24"><span class='ocrx_word' id='word_1_341' title='bbox 239 4733 303 4826; x_wconf 81' lang='lat' dir='ltr'>qui</span> <span class='ocrx_word' id='word_1_342' title='bbox 324 4729 433 4804; x_wconf 80' lang='lat' dir='ltr'>estin</span> <span class='ocrx_word' id='word_1_343' title='bbox 447 4749 569 4825; x_wconf 73' lang='lat' dir='ltr'>eampo</span> <span class='ocrx_word' id='word_1_344' title='bbox 586 4727 717 4803; x_wconf 87' lang='lat' dir='ltr'>maiore</span> <span class='ocrx_word' id='word_1_345' title='bbox 739 4725 829 4798; x_wconf 85' lang='lat' dir='ltr'>omui</span> <span class='ocrx_word' id='word_1_346' title='bbox 853 4748 963 4798; x_wconf 85' lang='lat' dir='ltr'>annue</span> <span class='ocrx_word' id='word_1_347' title='bbox 985 4749 1106 4822; x_wconf 86' lang='lat' dir='ltr'>ponere</span> <span class='ocrx_word' id='word_1_348' title='bbox 1120 4741 1153 4802; x_wconf 89' lang='lat' dir='ltr'>et</span> <span class='ocrx_word' id='word_1_349' title='bbox 1166 4731 1310 4827; x_wconf 86' lang='lat' dir='ltr'>plantare</span> <span class='ocrx_word' id='word_1_350' title='bbox 1318 4735 1496 4810; x_wconf 74' lang='lat' dir='ltr'>debemus</span> <span class='ocrx_word' id='word_1_351' title='bbox 1511 4736 1571 4810; x_wconf 93' lang='lat' dir='ltr'>ubi</span> <span class='ocrx_word' id='word_1_352' title='bbox 1589 4761 1653 4810; x_wconf 83' lang='lat' dir='ltr'>ne-</span> 
     </span>
     <span class='ocr_line' id='line_1_31' title="bbox 233 4855 1653 4962; baseline 0.008 -32"><span class='ocrx_word' id='word_1_353' title='bbox 233 4881 366 4932; x_wconf 76' lang='lat' dir='ltr'>neesum</span> <span class='ocrx_word' id='word_1_354' title='bbox 390 4857 504 4934; x_wconf 79' lang='lat' dir='ltr'>inerit:</span> <span class='ocrx_word' id='word_1_355' title='bbox 529 4868 563 4928; x_wconf 89' lang='lat' dir='ltr'>et</span> <span class='ocrx_word' id='word_1_356' title='bbox 586 4855 668 4928; x_wconf 86' lang='lat' dir='ltr'>sieut</span> <span class='ocrx_word' id='word_1_357' title='bbox 692 4855 811 4928; x_wconf 87' lang='lat' dir='ltr'>iustum</span> <span class='ocrx_word' id='word_1_358' title='bbox 830 4855 932 4927; x_wconf 82' lang='lat' dir='ltr'>tuerit</span> <span class='ocrx_word' id='word_1_359' title='bbox 957 4866 989 4928; x_wconf 88' lang='lat' dir='ltr'>et</span> <span class='ocrx_word' id='word_1_360' title='bbox 1013 4857 1104 4930; x_wconf 89' lang='lat' dir='ltr'>omni</span> <span class='ocrx_word' id='word_1_361' title='bbox 1128 4881 1235 4936; x_wconf 84' lang='lat' dir='ltr'>annue</span> <span class='ocrx_word' id='word_1_362' title='bbox 1257 4872 1434 4938; x_wconf 86' lang='lat' dir='ltr'>memorate</span> <span class='ocrx_word' id='word_1_363' title='bbox 1458 4865 1551 4941; x_wconf 89' lang='lat' dir='ltr'>ambe</span> <span class='ocrx_word' id='word_1_364' title='bbox 1564 4868 1653 4962; x_wconf 90' lang='lat' dir='ltr'>petie</span> 
     </span>
    </p>
   </div>
   <div class='ocr_carea' id='block_1_4' title="bbox 0 0 2448 6528">
    <p class='ocr_par' dir='ltr' id='par_1_4' title="bbox 0 0 2448 6528">
     <span class='ocr_line' id='line_1_32' title="bbox 0 0 2448 6528; baseline 0 0"><span class='ocrx_word' id='word_1_365' title='bbox 0 0 2448 6528; x_wconf 95' lang='lat' dir='ltr'> </span> 
     </span>
    </p>
   </div>
  </div>
 </body>
</html>
