4888 6528
1417 664 1558 756 (ers)

795 830 909 912 binum
932 827 1145 904 mnndunes
1165 843 1379 916 uccapannas
1399 839 1459 890 nos
1482 828 1515 892 ot
1537 814 1711 890 heredibus
1728 823 1856 901 bosius
1880 822 1973 897 omni
1997 846 2104 904 mene
2129 833 2222 908 vobis

797 956 974 1048 vesu-isque
1007 949 1142 1042 posteris
1174 955 1280 1025 [rtem
1309 933 1491 1019 debeam·
1517 941 1616 1036 W
1640 963 1745 1038 usque
1770 943 1885 1030 flbfflii
1909 945 2090 1026 ohedientia
2109 968 2219 1032 'vestm

798 1083 839 1154 de
863 1077 1098 1150 carminianum
1130 1096 1204 1144 erne
1233 1073 1325 1150 omui
1349 1069 1601 1156 amaricatione:
1631 1078 1665 1140 ei
1697 1071 1791 1144 omni
1815 1095 1922 1148 annue
1946 1076 2024 1150 duas
2049 1081 2135 1154 sices
2158 1105 2215 1176 par

799 1223 917 1275 annum
941 1222 1016 1270 cnm
1040 1208 1104 1271 tres
1129 1197 1273 1291 personis
1297 1219 1355 1291 per
1378 1195 1466 1268 vices
1490 1193 1790 1292 vobis-vestrisque
1817 1201 1955 1290 posteris
1972 1202 2008 1274 in
2023 1223 2097 1276 casa
2112 1217 2219 1278 nocua

800 1329 943 1420 recipere
979 1322 1157 1397 debeamus.
1186 1333 1220 1396 et
1251 1299 1311 1392 nos
1346 1329 1378 1392 et
1404 1318 1577 1408 heredibus
1609 1318 1728 1392 nostris
1758 1322 1852 1396 vobis
1878 1326 2061 1422 vacuisque
2084 1333 2219 1422 passeris

797 1454 991 1552 manducare
1007 1463 1041 1526 et
1056 1451 1166 1522 vibere
1183 1450 1260 1522 dare
1277 1449 1450 1522 hbeamus
1464 1449 1640 1549 ¹quoruodo
1663 1447 1787 1524 ineam
1809 1454 1937 1538 fueris:
1961 1467 1994 1528 et
2005 1479 2085 1530 ¹non
2108 1459 2222 1532 matis

802 1585 964 1658 licentiam
989 1559 1049 1654 vos
1072 1589 1104 1651 et
1127 1580 1265 1674 posteris
1289 1578 1403 1650 vesnia
1434 1589 1466 1648 et
1490 1579 1878 1666 memoratoinfirurario
1901 1595 2013 1656 vestro
2038 1587 2133 1660 nobis
2158 1611 2221 1660 uo-

801 1710 939 1803 strisque
963 1705 1136 1796 heredibus
1160 1705 1233 1776 illos
1266 1703 1378 1776 tulere
1402 1715 1458 1778 aut
1482 1689 1599 1779 exihde
1623 1703 1742 1777 beare
1766 1729 1826 1800 per
1849 1710 1978 1789 nulium
2003 1713 2138 1789 modum
2163 1738 2218 1786 nec

800 1860 858 1930 per
881 1835 1064 1908 summissas
1088 1853 1259 1926 personas:
1286 1821 1450 1902 vena'uos
1478 1840 1511 1900 et
1534 1829 1710 1905 heredibus
1734 1833 1854 1906 aaaoia
1876 1835 1952 1908 ilios
1977 1838 2157 1914 irrorantes
2190 1853 2220 1912 et

802 1967 998 2038 arbusiantes
1021 1972 1054 2031 et
1076 1961 1166 2032 omni
1199 1982 1305 2032 annue
1337 1959 1522 2052 pergianies
1555 1970 1589 2032 ei
1620 1961 1732 2034 omnia
1755 1974 1932 2036 memorata
1957 1967 2159 2061 aumplentea
2186 1983 2222 2042 ut

807 2113 903 2182 super
927 2089 1068 2184 legitur:
1094 2096 1126 2156 et
1149 2083 1227 2154 dum
1251 2081 1324 2152 illos
1350 2083 1550 2156 tenuerisnus
1575 2105 1634 2154 ros
1661 2093 1694 2156 et
1709 2085 1844 2178 posteris
1863 2088 1976 2160 vestris
1992 2098 2025 2165 et
2039 2101 2221 2162 memorata

804 2215 982 2288 infirmario
1015 2223 1124 2286 vestro
1158 2211 1250 2282 nobis
1284 2213 1467 2306 nostrisque
1498 2210 1674 2286 heredibus
1701 2209 1773 2284 ibas
1804 2213 1969 2302 defensare
1993 2215 2159 2289 debeatis:
2185 2229 2218 2290 es

805 2346 1003 2442 quandoque
1026 2365 1085 2414 nos
1108 2351 1140 2412 et
1164 2341 1338 2422 heredibus
1358 2338 1477 2410 nostris
1502 2339 1578 2414 illos
1604 2342 1830 2414 abrenuntiare
1848 2342 2047 2416 voluerimus
2060 2345 2225 2421 licentiam

809 2483 841 2542 et
863 2481 1052 2566 potestatem
1075 2469 1250 2540 habeamus
1285 2467 1319 2536 in
1351 2479 1533 2540 memorato
1565 2469 1744 2542 infirmario
1768 2479 1876 2544 vestro
1899 2470 1974 2544 ilios
1998 2473 2222 2548 &mordere

809 2621 930 2670 vonum
955 2597 1154 2668 arbustatnm
1178 2605 1210 2664 et
1235 2594 1390 2666 vitatum:
1415 2595 1492 2689 quia
1516 2597 1561 2667 ita
1584 2597 1679 2668 nobis
1700 2595 1845 2692 placuit:
1872 2599 1900 2670 si
1927 2609 2037 2672 aulem
2054 2599 2147 2672 aliter
2170 2603 2223 2672 fe·

690 2785 700 2800 ,
806 2725 945 2798 serimus
979 2723 1019 2794 de
1053 2718 1105 2790 bis
1139 2718 1291 2792 omnibus
1325 2719 1509 2790 memoratis
1538 2729 1576 2792 ut
1597 2743 1695 2814 super
1719 2721 1841 2816 legitur
1864 2745 1922 2817 per
1946 2725 2064 2819 quobis
2087 2727 2224 2800 modum

812 2862 868 2926 aut
889 2849 1077 2926 summissas
1099 2871 1254 2943 personas
1279 2857 1357 2921 tunc
1390 2847 1616 2944 componimus
1645 2870 1705 2920 nos
1729 2861 1763 2920 et
1792 2851 1963 2924 heredibus
1986 2851 2104 2922 nostris
2128 2853 2225 2924 vobis

809 2977 989 3072 ratumne
1012 2973 1184 3049 heredibus
1208 2974 1280 3045 auri
1304 2973 1424 3046 solidos
1449 2974 1622 3050 duodecim
1646 2974 1849 3072 bythianieos
1872 2987 1905 3048 et
1925 2999 1963 3046 ec
1979 2975 2123 3048 chariuia
2140 2999 2227 3070 pro-

813 3103 975 3176 missionis
999 3113 1036 3174 ut
1058 3123 1156 3196 super
1180 3099 1300 3196 legitur
1323 3099 1366 3170 sit
1389 3099 1483 3170 iinna
1516 3099 1634 3192 scripta
1660 3123 1718 3194 per
1740 3123 1855 3175 manus
1880 3099 1977 3194 sergii
2001 3099 2153 3184 tabuiffli
2168 3121 2227 3192 per

806 3239 983 3302 memorata
1006 3228 1198 3302 duodecima
1213 3227 1401 3298 ‘indictione
1427 3223 1457 3319 †
1480 3225 1543 3296 hoc
1567 3225 1698 3321 signum
1724 3225 1755 3322 †
1779 3249 1894 3300 manus
1917 3237 2097 3300 memorata
2113 3226 2222 3298 honos

809 3360 940 3452 signum
971 3359 1002 3455 †
1039 3381 1155 3430 manus
1188 3365 1368 3428 memorato
1401 3355 1541 3428 iohanne
1583 3357 1642 3448 qui
1677 3358 1863 3432 nominatur
1897 3356 2007 3428 boso:
2044 3354 2228 3451 signum†

807 3505 925 3556 manus
948 3491 1131 3554 memorato
1154 3482 1263 3575 sergio
1285 3481 1344 3576 qui
1367 3480 1554 3552 nominatur
1587 3477 1724 3573 cappula
1747 3479 1810 3550 hoc
1835 3492 1882 3550 est
1903 3493 2073 3570 parentes:
2098 3501 2226 3554 memo-

812 3621 883 3695 rato
907 3611 996 3682 bono
1020 3633 1082 3704 pro
1106 3611 1177 3684 vice
1201 3633 1258 3682 sua
1283 3623 1315 3682 et
1338 3633 1399 3706 pro
1422 3611 1494 3682 vioe
1520 3619 1701 3680 memorare
1717 3607 1871 3700 gregorio
1885 3629 2041 3700 germano
2055 3631 2117 3680 suo
2133 3609 2226 3703 quod

810 3759 872 3830 ego
898 3759 958 3832 pro
982 3739 1028 3808 eis
1051 3735 1225 3832 subscripsi
1241 3737 1272 3836 †
1289 3749 1322 3812 et
1347 3760 1387 3808 oc
1414 3737 1585 3808 memorati
1608 3757 1751 3808 summus
1776 3745 1814 3810 ut
1834 3745 2029 3806 memoratas
2044 3733 2124 3806 duas
2139 3738 2226 3808 vices

804 3885 1012 3957 perannum
1036 3865 1175 3959 qus-aliter
1198 3864 1348 3958 superius
1374 3865 1493 3958 iegitur
1520 3861 1612 3934 vobis
1633 3842 1779 3959 recipere
1803 3862 1977 3936 dommus
2000 3863 2037 3936 in
2062 3888 2132 3936 casa
2155 3891 2224 3938 no-

805 3999 871 4060 stra
896 4000 961 4064 ires
984 4011 1137 4084 personas
1160 4013 1219 4085 per
1244 3991 1330 4062 vices
1354 3997 1386 4059 et
1410 4009 1469 4058 nos
1500 3995 1533 4060 et
1556 3981 1729 4078 heredibus
1752 3985 1870 4058 nosue
1894 3995 1928 4057 ab
1950 3987 2034 4081 ipsas
2058 4000 2122 4062 tres
2144 4012 2226 4084 per-

803 4138 900 4192 sonas
925 4129 958 4191 et
983 4131 1015 4190 at
1041 4118 1181 4190 caballos
1204 4119 1336 4190 illorum
1360 4116 1553 4188 manducare
1577 4125 1611 4188 et
1638 4115 1749 4190 vibere
1772 4117 1849 4190 dare
1872 4115 2046 4190 deminus
2060 4121 2225 4214 quomodo

803 4245 927 4338 iustum
951 4245 1104 4340 fueris†
1273 4329 1275 4338 y
1927 4292 1929 4296 -

801 4431 804 4438 .
900 4362 1041 4456 †nro
1065 4373 1266 4442 rrn‘reorc
1290 4379 1465 4446 <surore
1490 4351 1563 4448 Ku'
1575 4382 1711 4448 suoru
1737 4351 1991 4448 nncnffia'b
2015 4375 2045 4472 †

651 4501 655 4508 '
801 4549 806 4562 .
906 4491 1022 4590 †ego
1046 4497 1205 4570 iohannes
1222 4497 1311 4590 filius
1341 4499 1464 4592 domini
1486 4504 1571 4598 sergi
1596 4502 1668 4574 reati
1701 4501 1876 4597 subscripsi
1899 4505 1930 4600 †

899 4619 931 4714 †
954 4642 1017 4716 ego
1042 4620 1198 4694 iohannes
1226 4623 1310 4717 iilius
1334 4625 1458 4699 donnini
1481 4629 1578 4725 sergii
1603 4629 1677 4700 teau
1709 4625 1883 4728 subscripsi
1903 4632 1935 4727 †

799 4809 802 4818 ,
838 4829 842 4842 .
899 4745 1024 4844 †Ego
1048 4749 1174 4844 sergius
1202 4751 1375 4826 eburnus
1399 4755 1560 4850 complevi
1595 4768 1628 4828 et
1651 4757 1776 4832 absolsi
1808 4783 1866 4852 per
1892 4771 2069 4836 memoraie
2092 4761 2219 4838 deode-

804 4866 890 4937 eima
915 4868 1086 4946 indictione
1110 4875 1142 4970 †

1374 5077 1632 5124 wm-
