4888 6528
1422 543 1565 638 (irs)

780 727 813 791 et
836 711 1014 790 seminandi
1037 719 1070 782 et
1091 705 1281 801 scoropandi
1313 710 1345 772 et
1368 709 1401 769 at
1423 697 1590 774 meliorem
1616 692 1742 766 cultum
1765 693 1964 790 perducendi
1987 700 2022 772 in
2049 707 2207 782 omnihus
2282 765 2286 772 .

781 869 859 920 cum
881 845 982 917 robes
1003 845 1132 909 nostros
1155 843 1187 902 et
1210 815 1423 902 conciaturias
1447 821 1499 896 vel
1525 823 1647 894 omnies
1666 843 1824 916 expensas
1839 827 2046 900 caucuminas
2064 833 2203 917 etvites

782 975 901 1045 ibidem
934 965 1025 1036 omni
1057 982 1166 1030 annno
1196 977 1319 1051 ponere
1350 961 1383 1024 et
1405 950 1550 1045 plantare
1572 947 1748 1022 debeamus
1771 947 1829 1018 uhi
1852 973 2015 1024 necessum
2038 955 2134 1028 luerit
2173 971 2209 1032 et

739 1163 743 1170 ,
779 1099 862 1169 sicut
884 1093 1008 1162 iustmn
1031 1085 1148 1158 luerit:
1171 1083 1271 1154 etiam
1297 1088 1330 1152 et
1353 1077 1412 1150 nbi
1436 1075 1557 1149 ibidem
1580 1073 1781 1170 potuerimus
1803 1089 1968 1150 castaneas
1991 1091 2024 1150 et
2038 1081 2169 1158 insertae
2194 1115 2204 1158 :

775 1225 942 1314 pastenare
965 1222 1043 1284 tune
1066 1209 1136 1281 illas
1160 1205 1282 1280 ibidem
1306 1209 1473 1300 pastenare
1497 1199 1687 1272 debeam:
1720 1210 1753 1272 et
1784 1202 1893 1297 ipsum
1916 1205 2111 1281 seminatum
2144 1235 2208 1308 que

778 1347 898 1416 ibidem
930 1337 1198 1414 seminaberimus
1229 1355 1327 1427 snper
1359 1349 1419 1401 nos
1451 1327 1525 1398 illos
1551 1326 1740 1423 recolligere
1763 1329 1937 1404 debeamus
1961 1335 2048 1406 unde
2079 1335 2199 1410 nullam

783 1471 876 1544 nohis
900 1469 1016 1541 exinde
1039 1465 1158 1536 tollatis
1182 1485 1248 1557 per·
1268 1458 1396 1532 nsdlnm
1418 1456 1575 1530 modum:
1611 1459 1836 1530 tantummodo
1865 1459 1978 1534 homni
2003 1485 2110 1536 annue
2132 1489 2194 1560 ego

786 1613 819 1670 et
843 1595 1016 1668 heredibus
1038 1591 1118 1664 meh
1141 1587 1235 1660 vohis
1251 1585 1429 1680 vestrisque
1445 1584 1581 1678 posteris
1597 1583 1713 1656 exinde
1728 1587 1913 1662 tematioum
1929 1589 2007 1662 dare
2023 1590 2195 1665 debeamus

787 1730 827 1797 de
854 1747 919 1818 qne
943 1721 1062 1792 ibidem
1079 1716 1283 1788 bernotieum
1297 1710 1562 1786 seminaberimus
1579 1711 1674 1784 sicuti
1690 1711 1839 1786 tulleritis
1854 1717 1893 1788 de
1910 1715 1980 1786 aliis
2002 1717 2196 1792 omminihus

786 1853 827 1921 de
851 1852 1028 1918 memorate
1052 1843 1113 1914 alie
1138 1851 1223 1913 terre
1246 1849 1352 1911 vestre
1374 1839 1415 1910 de
1439 1849 1618 1910 memorato
1642 1847 1752 1910 monte
1775 1839 1920 1914 hestrum
1935 1841 2058 1915 bonum
2074 1845 2196 1918 siccum

784 1985 922 2048 tractum
945 1981 1093 2066 paratum
1117 1991 1221 2062 usque
1244 1967 1332 2039 intus
1355 1975 1534 2038 memorato
1559 1973 1666 2038 vestro
1689 1968 1883 2039 monasterio
1912 1979 2128 2040 mensuratum
2169 1979 2203 2040 at

781 2101 878 2174 illum
901 2098 1051 2170 modium
1075 2119 1151 2167 cum
1175 2118 1240 2189 que
1264 2093 1415 2166 tulleritis
1439 2093 1479 2163 de
1495 2092 1575 2187 ipsis
1590 2093 1685 2164 terris
1700 2094 1814 2166 vestris
1829 2093 1869 2165 de
1885 2105 2063 2167 memorato
2090 2107 2204 2168 monte
2302 2123 2313 2150 ·

726 2242 735 2260 ²
782 2231 853 2300 sino
880 2227 971 2296 omni
995 2224 1249 2294 amaricatione:
1286 2232 1318 2291 et
1349 2224 1485 2314 desuper
1519 2231 1675 2314 quantum
1697 2221 1806 2292 binum
1832 2221 1951 2294 ibidem
1976 2225 2065 2296 omni
2089 2247 2208 2296 annue

784 2355 880 2426 'nobis
902 2352 1056 2426 dominus
1078 2351 1159 2420 deus
1183 2349 1309 2420 dederis
1332 2357 1476 2419 mustum
1501 2348 1661 2422 mundum
1684 2357 1717 2420 et
1739 2371 1949 2442 saecapannas
1973 2359 2051 2420 tunc
2074 2350 2204 2422 divida-

786 2439 859 2548 mirs
884 2475 956 2545 illos
980 2475 1066 2544 inter
1088 2473 1180 2542 nohis
1206 2496 1262 2564 per
1286 2472 1480 2543 medietate:
1512 2496 1572 2544 vos
1596 2483 1629 2544 et
1652 2473 1789 2564 posteris
1813 2471 1927 2543 vestris
1957 2482 1988 2543 et
2023 2483 2201 2544 memorato

787 2603 897 2667 vestro
920 2593 1115 2666 monasterio
1139 2593 1326 2664 medietate:
1351 2603 1383 2664 et
1405 2617 1467 2688 ego
1492 2605 1525 2666 et
1547 2593 1718 2666 heredibus
1733 2592 1815 2666 meis
1830 2593 1979 2666 similiter
1995 2595 2059 2668 alia
2076 2597 2202 2668 medie-

784 2733 860 2796 tate:
882 2723 999 2817 etipsa
1014 2721 1182 2794 medietate
1198 2729 1304 2792 vestra
1321 2743 1384 2816 ego
1400 2733 1433 2795 et
1449 2721 1620 2794 heredibus
1636 2721 1716 2794 meis
1731 2721 1823 2794 omni
1839 2744 1944 2794 annue
1961 2721 2054 2794 vohis
2070 2722 2207 2796 vouta-

786 2875 849 2945 que
863 2847 999 2941 posteris
1013 2855 1118 2920 haere
1134 2845 1304 2920 debeamus
1319 2846 1417 2939 gratis
1432 2867 1536 2940 usque
1549 2855 1581 2916 at
1596 2845 1652 2916 illa
1668 2845 1848 2917 obedientia
1862 2856 1966 2916 restra
1981 2846 2080 2916 amati
2097 2843 2204 2916 basilii

657 3041 660 3046 .
788 2977 828 3048 de
851 2974 1029 3046 bonnaria:
1052 2981 1085 3044 et
1108 2994 1171 3066 ego
1194 2981 1228 3042 et
1250 2970 1423 3046 heredibus
1446 2972 1528 3046 meis
1551 2972 1623 3046 illos
1647 2971 1843 3046 vindemiare
1865 2973 2035 3046 debeamus
2058 2981 2091 3043 at
2113 2971 2206 3042 omni

787 3109 899 3172 nostro
924 3097 1102 3192 expendio:
1129 3107 1161 3168 et
1185 3119 1242 3198 per
1266 3097 1444 3175 vindemias
1476 3119 1540 3170 una
1572 3118 1724 3190 personas
1755 3106 1860 3170 vestra
1882 3097 2007 3170 nnhire
2036 3095 2208 3168 debeamus

789 3223 953 3318 quomodo
978 3224 1099 3298 iustum
1123 3223 1222 3297 tueris
1246 3221 1324 3300 tum
1348 3223 1382 3304 iu
1407 3245 1510 3302 uuum
1532 3220 1860 3298 hindemiahertmns:
1884 3231 1918 3294 et
1938 3221 2041 3316 siper
2064 3228 2207 3314 tempore

789 3352 1084 3430 ibidemeastaneas
1099 3358 1155 3426 aut
1178 3348 1310 3425 insertas
1334 3323 1462 3426 :luens
1485 3357 1562 3424 tune
1585 3349 1678 3420 omui
1700 3371 1807 3426 annue
1830 3349 2010 3422 dividamus
2032 3346 2103 3418 illas
2126 3348 2208 3418 inter

788 3479 882 3548 nohis
896 3479 958 3570 'per
981 3477 1171 3548 medietate:
1190 3500 1248 3554 vos
1274 3489 1307 3550 et
1329 3479 1465 3570 posteris
1489 3477 1602 3551 vestris
1624 3487 1658 3550 et
1678 3485 1856 3552 memorato
1879 3486 1987 3550 vestro
2009 3475 2206 3548 monasterio

789 3603 975 3676 medietate:
990 3611 1022 3674 et
1035 3625 1099 3696 ego
1114 3611 1147 3674 et
1169 3601 1341 3682 heredibus
1362 3606 1442 3682 meis
1464 3604 1610 3682 similiter
1634 3605 1693 3678 alia
1717 3603 1904 3703 medietato:
1930 3612 1965 3676 et
1986 3602 2077 3676 omni
2099 3623 2204 3674 annue

790 3753 854 3823 ego
865 3738 897 3802 et
913 3727 1084 3802 heredibus
1099 3730 1179 3806 meis
1195 3730 1266 3806 illos
1282 3731 1434 3826 colligere
1451 3733 1639 3808 debeamus:
1655 3741 1687 3805 et
1702 3734 1770 3826 ipsa
1786 3729 1955 3806 meheuu
1969 3739 2075 3804 vestra
2090 3727 2206 3800 exinde

788 3856 879 3928 omni
903 3877 1007 3928 annue
1023 3878 1086 3950 ego
1101 3863 1134 3928 et
1148 3855 1319 3935 heredibus
1335 3857 1414 3934 meis
1429 3858 1522 3933 vohis
1546 3858 1722 3953 venisque
1745 3859 1880 3956 posteris
1903 3867 2009 3932 traere
2033 3855 2205 3936 debeamus

790 4003 893 4076 usque
916 3989 949 4052 at
963 3987 1142 4052 memorata
1158 3979 1339 4056 obedientia
1356 3991 1460 4054 restra
1476 3983 1577 4054 sancti
1593 3981 1696 4056 basilii
1716 3992 1749 4054 et
1772 3983 1829 4054 ubi
1849 3982 1918 4076 ipss
1941 3981 2085 4076 pastino:
2104 3982 2206 4050 lactus

788 4107 888 4186 tuerit
902 4116 936 4182 et
949 4107 1057 4202 ipsum
1072 4108 1187 4187 binum
1202 4109 1406 4188 diviserimus
1420 4112 1505 4186 inter
1518 4109 1614 4188 nohis
1627 4119 1665 4190 ut
1678 4133 1776 4208 super
1789 4109 1906 4206 legitur
1923 4119 2001 4182 tune
2019 4111 2088 4204 ipsa
2105 4115 2207 4178 terra-

790 4231 874 4304 uem
888 4231 1087 4310 moriantur:
1114 4243 1148 4304 et
1169 4233 1363 4325 quandoque
1386 4231 1506 4306 ibidem
1531 4230 1663 4326 glandes
1677 4232 1802 4308 abuerit
1817 4253 1880 4328 eqo
1892 4242 1926 4304 et
1939 4230 2109 4306 heredibus
2124 4229 2208 4302 meis

788 4355 859 4432 illas
873 4355 1025 4450 colligere
1039 4357 1225 4436 debeamus:
1235 4365 1268 4434 et
1280 4357 1461 4440 dividamus
1478 4359 1549 4440 illes
1562 4362 1645 4434 inter
1659 4363 1753 4435 nobis
1767 4363 1949 4458 nosuisqua
1963 4359 2095 4454 posteris
2110 4379 2205 4431 scum

788 4479 961 4556 heredibus
984 4499 1043 4574 per
1068 4477 1259 4560 medietate:
1285 4489 1319 4557 et
1340 4480 1409 4574 ipsa
1434 4481 1603 4554 medietato
1633 4489 1738 4556 vestra
1762 4484 1821 4578 qui
1847 4505 1904 4556 vos
1928 4491 1960 4554 et
1981 4480 2116 4576 posteris
2140 4505 2204 4552 ve-

788 4606 862 4678 stris
884 4603 1002 4682 exinde
1030 4603 1170 4700 tetigeris
1196 4627 1258 4700 ego
1281 4616 1314 4682 et
1337 4605 1510 4688 heredibus
1532 4607 1613 4678 meis
1636 4603 1730 4682 vobis
1752 4608 1931 4702 vestrisque
1954 4605 2091 4700 posteris
2113 4603 2204 4676 omru'

789 4749 895 4798 annue
918 4727 991 4802 illes
1018 4739 1123 4806 traere
1145 4729 1317 4808 debeamus
1341 4733 1440 4827 gratis
1466 4751 1568 4826 nsque
1592 4739 1625 4802 at
1649 4733 1718 4830 ipsa
1741 4731 1920 4806 ohedientia
1937 4741 2043 4806 rutra
2058 4739 2205 4824 utsuper

789 4851 928 4948 legitur:
954 4866 986 4927 et
1010 4879 1075 4934 noo
1097 4857 1216 4934 dentis
1238 4856 1400 4934 licentiam
1422 4879 1481 4932 vos
1495 4869 1529 4932 et
1544 4862 1679 4956 posteris
1702 4861 1817 4936 vostris
1841 4867 1875 4934 et
1890 4867 2070 4933 memorato
2094 4865 2203 4932 sancto
