4940 6518
1364 483 1481 582 (ιιι)

714 655 910 747 Speluncam
924 652 961 722 irs
976 665 1081 726 moute
1103 653 1260 735 Vesuvio,
1286 649 1458 740 quuiutas
1476 645 1643 728 Claritas,
1663 643 1784 732 otiique
1800 638 2018 747 iureiurando
2035 659 2141 730 quae-

711 783 846 852 stiouem
872 781 1026 852 desidum
1050 780 1090 850 de
1108 778 1250 872 praedio
1269 777 1374 870 posito
1398 776 1434 844 in
1457 775 1565 845 Monte
1590 771 1630 840 de
1647 770 1852 841 Peroaiaaa.

1313 1026 1550 1102 ccxxxvnl.

815 1285 991 1354 Caesarius
1030 1281 1209 1353 Viaaredas
1237 1277 1349 1351 uendit
1382 1280 1481 1350 Petro
1514 1273 1671 1366 Stephani
1706 1271 1843 1342 Vuiooui
1872 1271 1941 1364 filio
1967 1273 2147 1362 praedium

713 1411 856 1502 positum
880 1408 1112 1514 Pisediuulau

1331 1654 1534 1728 ccxxxlx.

661 1905 667 1916 '
714 1872 734 1890 κ
817 1908 919 1976 Sossu
950 1903 1084 1997 paidom
1109 1929 1130 1973 a
1156 1905 1361 1977 Sateuritauo
1393 1909 1640 2000 Aratispiscopo
1669 1909 1785 1979 obtinet
1808 1909 1997 1998 socedtatem
2022 1908 2149 1978 aueudi

722 2033 884 2124 quoddam
901 2033 1083 2126 praedium
1093 2035 1236 2126 positum
1258 2035 1406 2107 Uliariae
1424 2059 1446 2107 a
1461 2037 1611 2107 Pretiosa
1624 2053 1644 2120 ‚²
1661 2045 1691 2105 et
1707 2033 1875 2108 'Musoudo
1899 2049 2004 2107 matre
2021 2047 2052 2105 et
2066 2035 2146 2127 filio.

1266 2301 1269 2306 “
1374 2289 1497 2362 CCXL.

822 2537 997 2630 Aliperuas
1020 2541 1200 2630 sepeliatur
1224 2542 1325 2612 Leoni
1348 2541 1505 2612 Ferraria
1525 2541 1635 2612 oeudit
1646 2539 1826 2633 praedium
1842 2543 1975 2613 Maroni
1989 2542 2149 2633 positum.

1350 2794 1500 2886 tamt.

823 3048 942 3116 Petrus
970 3043 1111 3116 Grimmi
1133 3043 1223 3136 fitius
1246 3041 1399 3137 Phiiippo
1428 3046 1592 3136 Ypumeuo
1614 3044 1803 3114 Monosterii
1819 3047 1870 3116 Ss.
1891 3046 2001 3136 Serpit
2017 3057 2047 3115 et
2063 3047 2156 3120 Boo—

728 3175 781 3246 odi
797 3175 958 3266 prauittit
981 3173 1156 3266 dilipeuter
1180 3174 1285 3245 coiere
1304 3173 1452 3267 praedio
1476 3197 1563 3269 quae
1593 3174 1668 3263 sibi
1682 3174 1723 3244 ob
1748 3196 1785 3243 eo
1811 3173 1935 3246 tradita
1962 3171 2113 3264 fueram,
2140 3198 2158 3243 e

727 3303 981 3395 respousatioam
1005 3301 1174 3392 quotannis
1192 3299 1391 3392 persolvere.

1365 3550 1522 3622 textu.

824 3810 962 3880 Ioouues
989 3808 1094 3898 θέρε,
1130 3815 1160 3874 et
1184 3807 1304 3876 Petrus
1327 3807 1422 3878 Petri
1445 3809 1486 3878 de
1509 3809 1631 3880 Mauro
1653 3805 1743 3897 filius
1767 3809 1930 3899 aoespiuat
1952 3833 1974 3878 o
1997 3813 2161 3918 Pttitsppot

691 3997 701 4006 .
733 3940 896 4030 l'pumuw
921 3933 1113 4008 Morosterii
1138 3935 1190 4004 Ss.
1220 3934 1334 4024 Serpii
1349 3944 1379 4004 et
1397 3935 1522 4006 Boeotii
1537 3933 1707 4004 rotradum
1717 3933 1896 4026 praedium
1905 3940 2049 4028 positum
2068 3941 2161 4012 Com-

724 4083 835 4152 pouae
860 4063 895 4130 irs
917 4081 999 4151 aare
1018 4057 1219 4152 puteolano,
1248 4067 1277 4128 et
1301 4059 1472 4150 quotannis
1496 4060 1750 4152 respuuaticum
1769 4060 1976 4151 pottieeutur.
