4896 6522
1418 599 1431 696 (
1456 603 1500 670 64
1523 596 1537 691 )

765 779 851 862 Quia
876 774 920 844 its
944 771 989 842 sic
1014 768 1107 839 nobis
1131 758 1330 858 complacui:
1355 757 1382 828 si
1406 763 1513 825 autem
1537 747 1630 818 aliter
1652 742 1826 816 fecerimus
1843 741 1884 813 de
1901 741 1929 812 is
1946 742 2098 816 omuibus
2113 765 2190 818 me·
2269 791 2273 811 .

765 901 898 974 moretis
921 920 979 991 per
1004 892 1120 988 quobis
1144 889 1278 962 modum
1301 883 1366 954 sud
1387 873 1564 950 summissis
1587 869 1747 967 personis,
1760 878 1839 941 tune
1870 870 2096 963 componimus
2127 895 2187 944 nos

768 1037 800 1097 et
823 1023 956 1095 heredes
979 1015 1096 1087 nostris
1119 1009 1178 1082 tiri
1202 1009 1330 1100 tuisque
1352 999 1524 1076 heredibus
1547 995 1618 1068 euri
1640 992 1759 1066 solidos
1782 1015 1841 1063 sex
1856 992 2060 1087 bytbienteos
2074 1004 2108 1064 ct
2122 994 2185 1066 hcc

771 1146 914 1222 chartule
939 1139 1132 1217 venditionis
1155 1134 1200 1204 ud
1221 1151 1319 1224 super
1341 1127 1463 1220 legitur
1483 1125 1526 1198 sit
1547 1127 1664 1196 firma:
1683 1119 1803 1214 scripta
1818 1143 1877 1214 per
1891 1142 2004 1192 monus
2027 1123 2110 1214 petri
2122 1145 2187 1194 cu-

768 1273 856 1346 rialis
881 1295 937 1364 per
961 1271 1137 1338 memorata
1162 1255 1333 1330 undecimo
1349 1249 1521 1323 indictione
1544 1248 1575 1344 †
1590 1246 1664 1318 Hoc
1686 1245 1817 1340 signum
1831 1253 1861 1339 †
1876 1268 1991 1316 munus
2015 1249 2186 1318 memorati

769 1397 876 1471 donati
899 1405 932 1464 ct
955 1399 1132 1462 memorate
1156 1377 1380 1456 theodonando
1401 1375 1524 1476 iugules
1548 1373 1637 1470 quod
1661 1395 1723 1466 ego
1753 1373 1811 1467 qui
1835 1383 2032 1444 memoratos
2057 1393 2117 1465 pro
2141 1375 2190 1446 cis

772 1523 945 1616 subscripsi
968 1529 1002 1593 et
1024 1513 1195 1588 memorati
1218 1509 1280 1580 tari

864 1653 896 1744 †
920 1672 982 1743 ego
1006 1643 1177 1741 grogorius
1207 1639 1293 1711 filius
1326 1635 1449 1708 domim
1482 1631 1598 1704 marini
1629 1631 1701 1701 testi
1724 1629 1899 1723 subscripsi
1922 1635 1955 1699 et
1978 1627 2188 1722 suprascripti

772 1779 833 1851 teri
858 1775 1020 1845 confessus
1043 1765 1222 1861 percepisse
1245 1760 1277 1854 †

866 1901 992 1996 †Ego
1015 1896 1171 1967 lohannes
1195 1884 1351 1960 Curiatios
1377 1885 1475 1957 testis
1486 1881 1661 1976 subscripsi
1686 1891 1729 1951 et.
1743 1880 1912 1950 memorati
1936 1879 1997 1949 teri
2021 1881 2184 1951 confessus

773 2030 952 2128 percepisse
974 2023 1005 2120 †
1707 1991 1714 2003 ’

868 2149 900 2244 †
924 2151 996 2242 Ego
1019 2145 1190 2240 stephanus
1213 2141 1298 2215 filius
1322 2139 1446 2211 domini
1470 2135 1615 2231 spereni:
1641 2133 1714 2210 testi
1737 2131 1930 2223 subscripsit
1959 2139 1992 2202 et
2014 2129 2188 2201 memorati

777 2279 838 2350 teri
863 2277 1027 2347 confessus
1051 2269 1228 2364 percepisse
1252 2267 1283 2362 †

870 2397 901 2491 †
924 2401 995 2491 Ego
1017 2409 1127 2494 petrns
1154 2395 1292 2471 Curielis
1324 2392 1490 2485 Complevi
1513 2401 1546 2462 et
1569 2387 1691 2462 absolvi
1719 2410 1778 2484 per
1810 2394 1986 2460 memorate
2019 2387 2188 2458 undecima

778 2526 951 2602 indictione
975 2525 1006 2618 †
