4882 6534
1384 585 1397 678 (
1421 587 1488 650 see
1513 583 1526 678 p

764 755 813 825 Ite
842 773 909 847 qua
941 745 1024 820 nihil
1057 743 1140 818 mihi
1163 739 1280 816 exinde
1303 736 1438 834 aliquod
1462 732 1613 810 remansit
1645 741 1703 806 sut
1730 735 1897 812 resorberi
1924 761 1986 815 uec
2009 745 2045 818 iu
2069 745 2190 824 slienm

764 877 923 973 cuiusque
945 889 1097 966 personrs
1124 865 1214 962 quod
1244 863 1327 938 nbsit
1358 857 1523 932 commisit
1549 865 1762 953 potesbtem:
1793 871 1844 934 set
1872 871 2052 962 uprmti
2075 871 2131 945 die
2156 885 2190 948 ,ι

764 1008 912 1096 deinceps
944 995 1166 1093 prenominato
1189 991 1315 1085 integre
1337 999 1515 1062 memoratu
1536 985 1677 1084 corrigie
1707 988 1750 1062 ds
1773 999 1860 1065 terra
1883 1016 1955 1069 men
1982 1023 2049 1096 qne
2069 1007 2187 1078 nomi.

764 1141 859 1205 netur
883 1127 923 1200 sd
946 1125 1000 1196 illc
1023 1125 1140 1195 lnmsm
1164 1119 1362 1191 constitutum
1387 1115 1421 1186 in
1445 1125 1625 1188 memorato
1657 1116 1732 1189 loco
1770 1129 1883 1215 suptus
1910 1123 1999 1196 cuhe
2022 1149 2186 1204 unorum

764 1261 886 1350 integre
909 1251 1077 1326 metieute
1100 1247 1229 1320 meede
1253 1245 1439 1318 memoretis
1461 1243 1599 1339 scapulis
1621 1243 1689 1318 suis
1705 1245 1817 1342 ibique
1840 1248 1925 1322 inter
1948 1273 1984 1324 se
2007 1254 2186 1328 semunciis

763 1389 982 1456 ememorutu
1000 1386 1097 1474 parte
1119 1373 1325 1448 hoccidentis.
1350 1395 1426 1445 curn
1450 1369 1619 1448 arboribus
1648 1384 1780 1446 etcum
1804 1377 1952 1451 intmitss
1984 1401 2058 1454 suos
2097 1407 2187 1480 qus-

763 1513 835 1584 liter
859 1509 932 1582 illos
955 1532 1013 1602 per
1036 1515 1228 1578 menemus
1251 1502 1450 1574 coherentias
1473 1501 1669 1596 exegregnvi
1691 1504 1775 1574 sicut
1798 1505 1947 1600 superius
1962 1508 2083 1604 legitur
2098 1539 2118 1584 s
2134 1539 2185 1590 me

763 1633 823 1706 tivi
846 1632 888 1702 sit
910 1628 1142 1702 venumdatum
1165 1633 1197 1697 et
1219 1623 1372 1694 orditum
1394 1622 1430 1694 in
1456 1633 1512 1694 tna
1542 1624 1671 1720 tuisque
1704 1625 1877 1700 heredibus
1900 1631 1965 1702 sint
1991 1646 2180 1726 potetatem

765 1783 894 1856 queque
925 1756 1042 1830 exinde
1074 1755 1179 1826 iecere
1211 1751 1380 1824 volueritis
1416 1751 1457 1822 sb
1489 1751 1624 1825 odierno
1647 1752 1701 1826 die
1723 1776 1851 1850 semper
1873 1757 2011 1832 liberem
2043 1760 2183 1837 habentis

763 1895 971 1978 potestatem:
996 1889 1029 1950 et
1050 1903 1156 1974 neque
1172 1904 1191 1948 e
1208 1899 1261 1948 me
1281 1879 1462 1950 'memorate
1484 1877 1588 1948 morin
1601 1875 1737 1952 honesto
1752 1879 1869 1952 fenim
1892 1905 1968 1954 cum
1988 1907 2180 1960 consensum

762 2027 795 2084 et
819 2014 994 2086 volumtate
1008 2007 1178 2080 memorati
1202 2007 1327 2078 domini
1350 2006 1486 2101 eligerni
1502 2005 1569 2078 viri
1585 2006 1658 2077 mei.
1685 2003 1791 2102 ncqrie
1805 2034 1825 2078 n
1839 2011 1919 2084 meis
1935 2013 2104 2087 heredibus
2121 2037 2198 2088 usc·

763 2166 781 2212 e
808 2139 901 2239 nobis
923 2139 1068 2232 personis
1092 2134 1269 2208 summissis
1292 2134 1386 2206 nullo
1410 2144 1556 2228 tempore
1584 2155 1761 2229 numquam
1785 2143 1820 2204 tu
1843 2151 2024 2211 memorato
2048 2143 2181 2213 domino

762 2269 857 2338 leone
881 2263 1072 2338 venerabilis
1094 2261 1221 2333 dieconi
1245 2269 1352 2334 structe
1370 2259 1570 2352 neapolitune
1586 2259 1716 2332 ecclesie
1730 2270 1785 2331 sut
1798 2259 1933 2334 heredes
1957 2265 2020 2336 tuis
2045 2269 2096 2338 vel
2122 2269 2177 2338 cui

761 2404 798 2464 tu
810 2393 882 2465 illut
896 2391 1023 2463 dederis
1038 2397 1094 2460 eut
1109 2388 1277 2480 reliqueris
1292 2388 1379 2480 quod
1396 2386 1479 2458 absit
1493 2385 1639 2460 habeatis
1653 2385 1768 2458 exinde
1784 2363 2178 2488 aliquandoquacumque

760 2517 1008 2613 requesitionem
1033 2523 1088 2586 rut
1111 2513 1259 2584 molestie
1282 2537 1340 2608 per
1362 2513 1492 2586 nullum
1515 2515 1648 2588 modurn
1672 2538 1733 2586 nec
1756 2537 1814 2608 per
1829 2515 2015 2589 summissus
2029 2539 2177 2612 perenm

760 2645 802 2717 ho
825 2667 889 2720 nuc
913 2654 946 2718 et
968 2643 1177 2738 imperpetuis
1201 2642 1421 2737 temporibusr
1445 2645 1580 2741 lnsuper
1603 2653 1637 2716 et
1659 2643 1699 2716 sb
1715 2666 1829 2716 omues
1851 2643 2000 2717 homines
2024 2647 2176 2744 ornnique

760 2795 910 2870 personas
932 2771 1023 2844 omui
1046 2781 1190 2867 tempore
1213 2792 1276 2866 ego
1309 2781 1342 2842 et
1364 2771 1497 2844 heredes
1521 2773 1600 2844 meis
1624 2770 1682 2844 tiri
1708 2773 1836 2866 tuisque
1859 2771 2031 2844 heredibus
2054 2773 2172 2844 exinde

760 2906 794 2974 in
827 2901 967 2974 mundes
1000 2908 1158 2971 antestare
1188 2906 1222 2970 et
1254 2897 1418 2972 detennre
1449 2897 1649 2972 demamus:
1683 2899 1932 2994 propterquod
1967 2899 2073 2993 recepi
2097 2923 2116 2970 u
2141 2911 2173 2970 te

759 3025 876 3096 exinde
900 3023 933 3094 in
957 3023 1113 3116 presentis
1135 3023 1218 3098 idest
1245 3019 1318 3096 nuri
1342 3022 1462 3096 sohdos
1490 3025 1604 3116 cipimi
1626 3025 1783 3122 qrquue
1812 3025 1851 3096 de
1881 3023 1952 3095 suri
1980 3046 2043 3094 ena
2073 3031 2175 3118 qunt-

759 3161 835 3222 tuor
858 3149 920 3220 teri
943 3167 1002 3241 per
1025 3147 1144 3221 solidos
1166 3149 1202 3220 in
1232 3169 1363 3221 ornnem
1394 3148 1588 3220 decisionem
1617 3171 1676 3220 sen
1707 3149 1994 3222 deliberationem:
2019 3143 2106 3234 eris
2129 3149 2172 3220 itn

757 3280 839 3352 mihi
861 3301 946 3352 vone
969 3278 1154 3352 volumtstis
1178 3277 1396 3375 complacuit:
1431 3277 1466 3349 Si
1498 3287 1611 3349 sutem·
1629 3299 1691 3373 ego
1714 3291 1770 3350 aut
1793 3279 1927 3353 heredes
1951 3279 2035 3351 meis
2056 3279 2173 3375 quohis

756 3415 902 3502 tempore
925 3416 1037 3480 eontra
1060 3407 1122 3480 hae
1146 3405 1325 3513 obertum
1347 3404 1542 3480 venditionis
1562 3405 1607 3478 ud
1630 3426 1728 3500 super
1756 3405 1876 3500 legium
1895 3406 2005 3478 venire
2019 3425 2174 3500 presum-

758 3537 896 3612 serimus
919 3541 1010 3610 etin
1033 3535 1149 3632 eliquit
1171 3536 1307 3610 hnffeusi
1338 3535 1498 3610 firerimus
1526 3557 1585 3630 per
1613 3535 1728 3630 quohis
1750 3533 1884 3604 modum
1907 3543 1962 3603 rut
1984 3531 2173 3604 summimss

756 3684 910 3760 personas
933 3673 1011 3738 tunc
1035 3665 1258 3761 componimus
1280 3665 1339 3739 tivi
1362 3667 1492 3760 tuisque
1515 3663 1686 3738 heredibus
1702 3663 1772 3734 unni
1789 3660 1909 3734 solidos
1931 3660 2166 3755 quinquaqinta

759 3786 973 3882 bythirnteos.
1002 3799 1034 3860 ct
1058 3789 1119 3862 hec
1143 3787 1263 3861 crrtulc
1295 3787 1490 3861 venditionis
1517 3789 1563 3862 ud
1586 3809 1682 3883 super
1703 3784 1822 3878 legitur
1844 3783 1886 3854 sit
1908 3783 2023 3854 butu:
2047 3784 2166 3876 scripte

753 3933 812 4006 per
835 3931 950 3984 munus
973 3911 1057 4008 petri
1080 3913 1211 3986 curialis
1234 3937 1293 4010 per
1315 3922 1493 3986 memorate
1516 3912 1610 3985 tertie
1628 3909 1753 3985 decimu
1777 3905 1994 4002 indictione†
2026 3908 2097 3979 Hoc
2118 3907 2171 3976 si-

620 4041 623 4046 ’
755 4059 856 4132 guum
878 4037 910 4134 †
932 4061 1046 4114 monus
1069 4051 1246 4115 memoratu
1270 4042 1374 4115 muria
1396 4040 1530 4114 honeste
1560 4039 1680 4114 lemine
1704 4059 1780 4111 curu
1798 4055 1959 4108 consensu
1981 4043 2014 4106 et
2038 4035 2170 4106 voluut-

754 4171 818 4233 trte
841 4164 1013 4236 memorati
1036 4163 1160 4238 domini
1196 4165 1330 4262 eligerni
1354 4165 1418 4238 riri
1440 4165 1492 4236 sui
1515 4166 1598 4260 qood
1619 4185 1674 4257 eqo
1704 4163 1763 4260 qui
1789 4169 1985 4234 memoratos
2013 4157 2173 4230 hebenus

752 4295 886 4382 rogernc
908 4312 969 4384 pro
991 4291 1052 4364 her
1080 4291 1256 4391 subscripsi
1279 4307 1312 4370 st
1336 4301 1533 4370 memoratos
1555 4293 1675 4366 solidos
1697 4289 1829 4363 traditos
1850 4289 1918 4362 vidi
1942 4287 1974 4384 †

848 4414 880 4513 †
905 4438 966 4511 ego
989 4422 1114 4516 sergius
1136 4424 1222 4516 filios
1251 4423 1375 4496 domini
1407 4423 1551 4519 gregorii
1581 4421 1654 4493 testi
1685 4417 1856 4514 subscripsi
1880 4427 1912 4488 et
1910 4410 2169 4596 spprrscriptos

752 4535 872 4611 noros
895 4540 1027 4615 mnne
1049 4543 1117 4616 nro
1141 4543 1172 4638 †

842 4658 994 4751 turo
1034 4675 1238 4742 sermore
1278 4677 1452 4744 umore
1491 4677 1552 4743 nn
1585 4671 1773 4741 currem
1810 4669 1935 4736 nucrr
1968 4671 2078 4740 corn
2109 4669 2165 4736 ur

749 4791 879 4855 ocuoc
903 4795 1089 4860 domnoc
1113 4793 1326 4862 urnnrroc
1350 4798 1440 4864 stnr
1464 4786 1495 4882 †
