<?xml version="1.0" encoding="UTF-8"?>
<!DOCTYPE html PUBLIC "-//W3C//DTD XHTML 1.0 Transitional//EN"
    "http://www.w3.org/TR/xhtml1/DTD/xhtml1-transitional.dtd">
<html xmlns="http://www.w3.org/1999/xhtml" xml:lang="en" lang="en">
 <head>
  <title>
</title>
<meta http-equiv="Content-Type" content="text/html;charset=utf-8" />
  <meta name='ocr-system' content='tesseract 3.04.00' />
  <meta name='ocr-capabilities' content='ocr_page ocr_carea ocr_par ocr_line ocrx_word'/>
</head>
<body>
  <div class='ocr_page' id='page_1' title='image "./monumentaeditaa03napogoog_0076.png"; bbox 0 0 4940 6518; ppageno 0'>
   <div class='ocr_carea' id='block_1_1' title="bbox 796 587 2220 1212">
    <p class='ocr_par' dir='ltr' id='par_1_1' title="bbox 796 587 2220 1212">
     <span class='ocr_line' id='line_1_1' title="bbox 1389 587 1566 686; baseline -0.028 1"><span class='ocrx_word' id='word_1_1' title='bbox 1389 603 1392 624; x_wconf 73' lang='lat'><strong>¹</strong></span> <span class='ocrx_word' id='word_1_2' title='bbox 1442 589 1457 686; x_wconf 81' lang='lat' dir='ltr'>i</span> <span class='ocrx_word' id='word_1_3' title='bbox 1483 595 1528 663; x_wconf 74' lang='lat'>24</span> <span class='ocrx_word' id='word_1_4' title='bbox 1550 587 1566 682; x_wconf 89' lang='grc'>)</span> 
     </span>
     <span class='ocr_line' id='line_1_2' title="bbox 797 730 2220 844; baseline -0.011 -22"><span class='ocrx_word' id='word_1_5' title='bbox 797 766 914 844; x_wconf 83' lang='lat' dir='ltr'>scopus</span> <span class='ocrx_word' id='word_1_6' title='bbox 937 763 994 822; x_wconf 82' lang='lat' dir='ltr'>eos</span> <span class='ocrx_word' id='word_1_7' title='bbox 1015 746 1208 844; x_wconf 69' lang='lat' dir='ltr'>regulariter</span> <span class='ocrx_word' id='word_1_8' title='bbox 1222 747 1394 822; x_wconf 81' lang='lat' dir='ltr'>emendare</span> <span class='ocrx_word' id='word_1_9' title='bbox 1408 737 1644 836; x_wconf 68' lang='lat' dir='ltr'>contempserit</span> <span class='ocrx_word' id='word_1_10' title='bbox 1659 733 1745 832; x_wconf 85' lang='lat' dir='ltr'>apud</span> <span class='ocrx_word' id='word_1_11' title='bbox 1757 735 1867 810; x_wconf 81' lang='lat' dir='ltr'>radam</span> <span class='ocrx_word' id='word_1_12' title='bbox 1882 730 2092 828; x_wconf 78' lang='lat' dir='ltr'>apostolicam</span> <span class='ocrx_word' id='word_1_13' title='bbox 2106 734 2220 808; x_wconf 88' lang='lat' dir='ltr'>decer·</span> 
     </span>
     <span class='ocr_line' id='line_1_3' title="bbox 798 857 2219 966; baseline -0.009 -20"><span class='ocrx_word' id='word_1_14' title='bbox 798 873 907 946; x_wconf 89' lang='lat' dir='ltr'>nimus</span> <span class='ocrx_word' id='word_1_15' title='bbox 940 871 1117 946; x_wconf 85' lang='lat' dir='ltr'>audiendos</span> <span class='ocrx_word' id='word_1_16' title='bbox 1142 879 1240 966; x_wconf 84' lang='lat' dir='ltr'>atque</span> <span class='ocrx_word' id='word_1_17' title='bbox 1261 868 1452 965; x_wconf 72' lang='lat' dir='ltr'>regulariter</span> <span class='ocrx_word' id='word_1_18' title='bbox 1474 860 1694 958; x_wconf 75' lang='lat' dir='ltr'>corrigendos</span> <span class='ocrx_word' id='word_1_19' title='bbox 1716 857 1865 946; x_wconf 83' lang='lat' dir='ltr'>Quodsi</span> <span class='ocrx_word' id='word_1_20' title='bbox 1887 858 2021 932; x_wconf 78' lang='lat' dir='ltr'>fortasse</span> <span class='ocrx_word' id='word_1_21' title='bbox 2043 859 2219 956; x_wconf 79' lang='lat' dir='ltr'>quisquam</span> 
     </span>
     <span class='ocr_line' id='line_1_4' title="bbox 796 985 2216 1090; baseline -0.007 -22"><span class='ocrx_word' id='word_1_22' title='bbox 796 995 861 1070; x_wconf 90' lang='lat' dir='ltr'>hoc</span> <span class='ocrx_word' id='word_1_23' title='bbox 889 1005 997 1070; x_wconf 86' lang='lat' dir='ltr'>nostre</span> <span class='ocrx_word' id='word_1_24' title='bbox 1029 997 1227 1071; x_wconf 72' lang='lat' dir='ltr'>auctoritatis</span> <span class='ocrx_word' id='word_1_25' title='bbox 1257 991 1465 1090; x_wconf 82' lang='lat' dir='ltr'>privilegium</span> <span class='ocrx_word' id='word_1_26' title='bbox 1501 990 1672 1062; x_wconf 79' lang='lat' dir='ltr'>inmnura</span> <span class='ocrx_word' id='word_1_27' title='bbox 1701 985 1756 1060; x_wconf 82' lang='lat' dir='ltr'>val</span> <span class='ocrx_word' id='word_1_28' title='bbox 1787 985 1936 1059; x_wconf 83' lang='lat' dir='ltr'>minuare</span> <span class='ocrx_word' id='word_1_29' title='bbox 1970 987 2216 1081; x_wconf 73' lang='lat' dir='ltr'>presumpserit.</span> 
     </span>
     <span class='ocr_line' id='line_1_5' title="bbox 798 1112 2218 1212; baseline -0.006 -17"><span class='ocrx_word' id='word_1_30' title='bbox 798 1124 984 1198; x_wconf 84' lang='lat' dir='ltr'>omnimode</span> <span class='ocrx_word' id='word_1_31' title='bbox 1007 1126 1187 1200; x_wconf 79' lang='lat' dir='ltr'>ii&#39;ustratur.</span> <span class='ocrx_word' id='word_1_32' title='bbox 1210 1119 1408 1212; x_wconf 76' lang='lat' dir='ltr'>erpuinum</span> <span class='ocrx_word' id='word_1_33' title='bbox 1429 1115 1564 1210; x_wconf 86' lang='lat' dir='ltr'>quidem</span> <span class='ocrx_word' id='word_1_34' title='bbox 1586 1117 1639 1189; x_wconf 89' lang='lat' dir='ltr'>sui</span> <span class='ocrx_word' id='word_1_35' title='bbox 1659 1112 1782 1188; x_wconf 76' lang='lat' dir='ltr'>ordinis</span> <span class='ocrx_word' id='word_1_36' title='bbox 1806 1113 1910 1208; x_wconf 61' lang='lat' dir='ltr'>murlo</span> <span class='ocrx_word' id='word_1_37' title='bbox 1934 1113 2092 1209; x_wconf 84' lang='lat' dir='ltr'>privetur.</span> <span class='ocrx_word' id='word_1_38' title='bbox 2119 1121 2218 1210; x_wconf 78' lang='lat' dir='ltr'>utque</span> 
     </span>
    </p>
   </div>
   <div class='ocr_carea' id='block_1_2' title="bbox 799 1237 2223 2350">
    <p class='ocr_par' dir='ltr' id='par_1_2' title="bbox 799 1237 2223 2350">
     <span class='ocr_line' id='line_1_6' title="bbox 800 1237 2223 1338; baseline -0.006 -13"><span class='ocrx_word' id='word_1_39' title='bbox 800 1252 1011 1324; x_wconf 80' lang='lat' dir='ltr'>mathematis</span> <span class='ocrx_word' id='word_1_40' title='bbox 1033 1248 1158 1320; x_wconf 88' lang='lat' dir='ltr'>ultione</span> <span class='ocrx_word' id='word_1_41' title='bbox 1187 1244 1347 1317; x_wconf 80' lang='lat' dir='ltr'>mittetur.</span> <span class='ocrx_word' id='word_1_42' title='bbox 1370 1249 1496 1338; x_wconf 89' lang='lat' dir='ltr'>partem</span> <span class='ocrx_word' id='word_1_43' title='bbox 1529 1263 1605 1318; x_wconf 89' lang='lat' dir='ltr'>cum</span> <span class='ocrx_word' id='word_1_44' title='bbox 1628 1241 1706 1316; x_wconf 84' lang='lat' dir='ltr'>inda</span> <span class='ocrx_word' id='word_1_45' title='bbox 1738 1237 1895 1316; x_wconf 81' lang='lat' dir='ltr'>traditore</span> <span class='ocrx_word' id='word_1_46' title='bbox 1920 1243 1956 1315; x_wconf 93' lang='lat' dir='ltr'>in</span> <span class='ocrx_word' id='word_1_47' title='bbox 1989 1241 2052 1316; x_wconf 87' lang='lat' dir='ltr'>tine</span> <span class='ocrx_word' id='word_1_48' title='bbox 2082 1243 2223 1318; x_wconf 82' lang='lat' dir='ltr'>extremi</span> 
     </span>
     <span class='ocr_line' id='line_1_7' title="bbox 799 1368 2221 1468; baseline -0.003 -22"><span class='ocrx_word' id='word_1_49' title='bbox 799 1374 956 1446; x_wconf 82' lang='lat' dir='ltr'>examinis</span> <span class='ocrx_word' id='word_1_50' title='bbox 979 1371 1105 1444; x_wconf 81' lang='lat' dir='ltr'>haheat.</span> <span class='ocrx_word' id='word_1_51' title='bbox 1128 1371 1172 1444; x_wconf 87' lang='lat' dir='ltr'>Et</span> <span class='ocrx_word' id='word_1_52' title='bbox 1185 1391 1245 1466; x_wconf 91' lang='lat' dir='ltr'>per</span> <span class='ocrx_word' id='word_1_53' title='bbox 1264 1371 1487 1445; x_wconf 72' lang='lat' dir='ltr'>anmommtem</span> <span class='ocrx_word' id='word_1_54' title='bbox 1501 1393 1601 1468; x_wconf 86' lang='lat' dir='ltr'>qnam</span> <span class='ocrx_word' id='word_1_55' title='bbox 1614 1368 1746 1444; x_wconf 84' lang='lat' dir='ltr'>boatum</span> <span class='ocrx_word' id='word_1_56' title='bbox 1760 1376 1889 1465; x_wconf 77' lang='lat' dir='ltr'>petum</span> <span class='ocrx_word' id='word_1_57' title='bbox 1904 1369 2024 1442; x_wconf 87' lang='lat' dir='ltr'>incolo</span> <span class='ocrx_word' id='word_1_58' title='bbox 2038 1377 2071 1441; x_wconf 88' lang='lat' dir='ltr'>ot</span> <span class='ocrx_word' id='word_1_59' title='bbox 2085 1371 2122 1440; x_wconf 92' lang='lat' dir='ltr'>in</span> <span class='ocrx_word' id='word_1_60' title='bbox 2131 1375 2221 1442; x_wconf 77' lang='lat' dir='ltr'>terra</span> 
     </span>
     <span class='ocr_line' id='line_1_8' title="bbox 799 1496 2220 1598; baseline -0.001 -24"><span class='ocrx_word' id='word_1_61' title='bbox 799 1500 923 1598; x_wconf 74' lang='lat' dir='ltr'>ligendi</span> <span class='ocrx_word' id='word_1_62' title='bbox 965 1509 1063 1595; x_wconf 86' lang='lat' dir='ltr'>atque</span> <span class='ocrx_word' id='word_1_63' title='bbox 1098 1496 1248 1574; x_wconf 81' lang='lat' dir='ltr'>solvendi</span> <span class='ocrx_word' id='word_1_64' title='bbox 1277 1501 1399 1572; x_wconf 88' lang='lat' dir='ltr'>meruit</span> <span class='ocrx_word' id='word_1_65' title='bbox 1434 1507 1624 1594; x_wconf 86' lang='lat' dir='ltr'>potestatem</span> <span class='ocrx_word' id='word_1_66' title='bbox 1654 1497 1697 1570; x_wconf 87' lang='lat' dir='ltr'>ait</span> <span class='ocrx_word' id='word_1_67' title='bbox 1730 1523 1750 1570; x_wconf 87' lang='lat' dir='ltr'>a</span> <span class='ocrx_word' id='word_1_68' title='bbox 1780 1497 2026 1595; x_wconf 78' lang='lat' dir='ltr'>pmticipntione</span> <span class='ocrx_word' id='word_1_69' title='bbox 2065 1497 2220 1573; x_wconf 86' lang='lat' dir='ltr'>dominici</span> 
     </span>
     <span class='ocr_line' id='line_1_9' title="bbox 800 1596 2219 1719; baseline 0 -23"><span class='ocrx_word' id='word_1_70' title='bbox 800 1625 948 1719; x_wconf 80' lang='lat' dir='ltr'>corporis</span> <span class='ocrx_word' id='word_1_71' title='bbox 976 1629 1010 1692; x_wconf 89' lang='lat' dir='ltr'>et</span> <span class='ocrx_word' id='word_1_72' title='bbox 1039 1619 1206 1716; x_wconf 77' lang='lat' dir='ltr'>anguinis</span> <span class='ocrx_word' id='word_1_73' title='bbox 1234 1621 1359 1698; x_wconf 77' lang='lat' dir='ltr'>domini</span> <span class='ocrx_word' id='word_1_74' title='bbox 1382 1623 1484 1696; x_wconf 82' lang='lat' dir='ltr'>nostri</span> <span class='ocrx_word' id='word_1_75' title='bbox 1514 1623 1609 1696; x_wconf 76' lang='lat' dir='ltr'>tneo</span> <span class='ocrx_word' id='word_1_76' title='bbox 1632 1620 1750 1695; x_wconf 75' lang='lat' dir='ltr'>Christi</span> <span class='ocrx_word' id='word_1_77' title='bbox 1778 1647 1797 1694; x_wconf 88' lang='lat' dir='ltr'>a</span> <span class='ocrx_word' id='word_1_78' title='bbox 1821 1633 1933 1696; x_wconf 88' lang='lat' dir='ltr'>nostro</span> <span class='ocrx_word' id='word_1_79' title='bbox 1959 1596 2126 1696; x_wconf 84' lang='lat' dir='ltr'>consortio</span> <span class='ocrx_word' id='word_1_80' title='bbox 2158 1624 2219 1696; x_wconf 81' lang='lat' dir='ltr'>nisi</span> 
     </span>
     <span class='ocr_line' id='line_1_10' title="bbox 808 1747 2215 1847; baseline 0 -23"><span class='ocrx_word' id='word_1_81' title='bbox 808 1749 979 1844; x_wconf 79' lang='lat' dir='ltr'>reuipuarit</span> <span class='ocrx_word' id='word_1_82' title='bbox 1001 1748 1185 1842; x_wconf 84' lang='lat' dir='ltr'>perenniter</span> <span class='ocrx_word' id='word_1_83' title='bbox 1207 1747 1351 1823; x_wconf 76' lang='lat' dir='ltr'>rectum</span> <span class='ocrx_word' id='word_1_84' title='bbox 1367 1773 1405 1824; x_wconf 87' lang='lat' dir='ltr'>ea</span> <span class='ocrx_word' id='word_1_85' title='bbox 1420 1771 1486 1846; x_wconf 84' lang='lat' dir='ltr'>qua</span> <span class='ocrx_word' id='word_1_86' title='bbox 1498 1755 1614 1823; x_wconf 84' lang='lat' dir='ltr'>statuta</span> <span class='ocrx_word' id='word_1_87' title='bbox 1627 1759 1703 1824; x_wconf 85' lang='lat' dir='ltr'>sunt</span> <span class='ocrx_word' id='word_1_88' title='bbox 1716 1758 1871 1847; x_wconf 87' lang='lat' dir='ltr'>perpetua</span> <span class='ocrx_word' id='word_1_89' title='bbox 1885 1751 2009 1846; x_wconf 72' lang='lat' dir='ltr'>poednt</span> <span class='ocrx_word' id='word_1_90' title='bbox 2023 1749 2215 1824; x_wconf 83' lang='lat' dir='ltr'>diffinitione</span> 
     </span>
     <span class='ocr_line' id='line_1_11' title="bbox 809 1874 2220 1972; baseline -0.002 -22"><span class='ocrx_word' id='word_1_91' title='bbox 809 1895 939 1950; x_wconf 88' lang='lat' dir='ltr'>manere</span> <span class='ocrx_word' id='word_1_92' title='bbox 963 1881 995 1948; x_wconf 90' lang='lat' dir='ltr'>ct</span> <span class='ocrx_word' id='word_1_93' title='bbox 1018 1881 1245 1948; x_wconf 77' lang='lat' dir='ltr'>temeratorem</span> <span class='ocrx_word' id='word_1_94' title='bbox 1266 1875 1420 1970; x_wconf 82' lang='lat' dir='ltr'>presentis</span> <span class='ocrx_word' id='word_1_95' title='bbox 1444 1874 1575 1950; x_wconf 83' lang='lat' dir='ltr'>decreti</span> <span class='ocrx_word' id='word_1_96' title='bbox 1598 1875 1641 1948; x_wconf 79' lang='lat' dir='ltr'>de</span> <span class='ocrx_word' id='word_1_97' title='bbox 1656 1897 1715 1950; x_wconf 86' lang='lat' dir='ltr'>soa</span> <span class='ocrx_word' id='word_1_98' title='bbox 1729 1877 1905 1952; x_wconf 86' lang='lat' dir='ltr'>temeritate</span> <span class='ocrx_word' id='word_1_99' title='bbox 1917 1879 2009 1972; x_wconf 85' lang='lat' dir='ltr'>penis</span> <span class='ocrx_word' id='word_1_100' title='bbox 2029 1877 2220 1972; x_wconf 88' lang='lat' dir='ltr'>multiplici·</span> 
     </span>
     <span class='ocr_line' id='line_1_12' title="bbox 805 1999 2222 2100; baseline 0.001 -26"><span class='ocrx_word' id='word_1_101' title='bbox 805 2003 868 2074; x_wconf 81' lang='lat' dir='ltr'>nm</span> <span class='ocrx_word' id='word_1_102' title='bbox 889 1999 1073 2083; x_wconf 76' lang='lat' dir='ltr'>mbiacerca</span> <span class='ocrx_word' id='word_1_103' title='bbox 1095 2000 1249 2096; x_wconf 80' lang='lat' dir='ltr'>seriptum</span> <span class='ocrx_word' id='word_1_104' title='bbox 1267 2021 1327 2100; x_wconf 75' lang='lat' dir='ltr'>per</span> <span class='ocrx_word' id='word_1_105' title='bbox 1346 2019 1480 2074; x_wconf 86' lang='lat' dir='ltr'>manum</span> <span class='ocrx_word' id='word_1_106' title='bbox 1506 2001 1592 2096; x_wconf 83' lang='lat' dir='ltr'>petri</span> <span class='ocrx_word' id='word_1_107' title='bbox 1612 1999 1733 2078; x_wconf 80' lang='lat' dir='ltr'>neorii</span> <span class='ocrx_word' id='word_1_108' title='bbox 1755 2011 1882 2080; x_wconf 84' lang='lat' dir='ltr'>sanctm</span> <span class='ocrx_word' id='word_1_109' title='bbox 1902 2023 2054 2078; x_wconf 85' lang='lat' dir='ltr'>romanae</span> <span class='ocrx_word' id='word_1_110' title='bbox 2065 2001 2222 2075; x_wconf 85' lang='lat' dir='ltr'>ccclesiae</span> 
     </span>
     <span class='ocr_line' id='line_1_13' title="bbox 805 2125 1459 2203; baseline 0.002 -5"><span class='ocrx_word' id='word_1_111' title='bbox 805 2131 841 2199; x_wconf 91' lang='lat' dir='ltr'>in</span> <span class='ocrx_word' id='word_1_112' title='bbox 864 2147 976 2203; x_wconf 85' lang='lat' dir='ltr'>meuse</span> <span class='ocrx_word' id='word_1_113' title='bbox 995 2125 1130 2202; x_wconf 82' lang='lat' dir='ltr'>octuber</span> <span class='ocrx_word' id='word_1_114' title='bbox 1152 2125 1328 2202; x_wconf 81' lang='lat' dir='ltr'>indictione</span> <span class='ocrx_word' id='word_1_115' title='bbox 1350 2127 1459 2200; x_wconf 87' lang='lat' dir='ltr'>tertia.</span> 
     </span>
     <span class='ocr_line' id='line_1_14' title="bbox 901 2251 1177 2350; baseline 0.007 -22"><span class='ocrx_word' id='word_1_116' title='bbox 901 2251 934 2350; x_wconf 92' lang='lat'><strong>†</strong></span> <span class='ocrx_word' id='word_1_117' title='bbox 956 2253 1043 2328; x_wconf 86' lang='lat' dir='ltr'>Bene</span> <span class='ocrx_word' id='word_1_118' title='bbox 1065 2251 1177 2330; x_wconf 81' lang='lat' dir='ltr'>valeto</span> 
     </span>
    </p>
   </div>
   <div class='ocr_carea' id='block_1_3' title="bbox 0 0 2474 6516">
    <p class='ocr_par' dir='ltr' id='par_1_3' title="bbox 0 0 2474 6516">
     <span class='ocr_line' id='line_1_15' title="bbox 0 0 2474 6516; baseline 0 0"><span class='ocrx_word' id='word_1_119' title='bbox 0 0 2474 6516; x_wconf 95' lang='lat' dir='ltr'> </span> 
     </span>
    </p>
   </div>
  </div>
 </body>
</html>
