4882 6534
918 597 1063 690 (aaa)

281 755 359 826 dum
381 752 547 846 quondam
571 749 695 824 domini
718 745 837 820 marim
869 749 910 822 de
938 749 1073 822 domim
1101 751 1163 821 eali
1187 751 1285 826 siouti
1308 755 1393 830 inter
1415 779 1450 828 se
1475 764 1620 836 termims
1645 788 1702 837 seu

282 880 366 974 sepis
389 879 508 952 exiinet
531 889 564 950 et
587 878 628 948 de
651 901 718 950 uno
742 877 846 971 eapite
871 885 919 948 est
942 877 1077 950 fundum
1100 879 1231 973 quidem
1253 884 1408 977 stephano
1435 891 1614 981 presbitero
1629 895 1699 966 thio

279 1019 387 1080 vestro
410 1006 468 1101 qui
493 1006 534 1076 ad
557 1026 633 1077 eum
656 1005 811 1100 pertinuit
834 1006 875 1078 de
897 1006 1031 1103 quidem
1055 1007 1157 1078 meria
1181 1007 1250 1080 thia
1273 1021 1380 1082 vesun
1405 1015 1558 1088 serbieuti
1575 1041 1632 1091 sua
1648 1023 1700 1092 si-

278 1133 346 1206 cuti
370 1131 455 1205 inter
487 1149 522 1200 se
554 1125 700 1200 torminis
722 1149 782 1200 sen
804 1128 888 1222 sepis
918 1127 1055 1202 e'xiinat.
1085 1139 1117 1200 et
1140 1128 1182 1201 de
1205 1129 1271 1200 alio
1295 1135 1396 1226 eapite
1423 1149 1470 1206 est
1493 1137 1546 1206 ria
1571 1139 1701 1232 publiea

277 1257 335 1350 qui
359 1253 451 1348 pergi
475 1253 515 1326 da
538 1251 630 1324 nola.
660 1252 701 1324 de
723 1275 789 1349 qua
810 1253 894 1326 nihil
916 1254 1009 1326 nobis
1032 1255 1165 1350 obqnod
1196 1259 1348 1330 remansit
1376 1273 1432 1332 aut
1454 1264 1618 1336 resorberi
1641 1291 1701 1340 nee

279 1388 314 1460 iu
343 1383 447 1458 aliena
480 1401 616 1476 persona
646 1380 774 1454 comisit
804 1389 976 1475 potestate.
1006 1392 1083 1452 eta
1105 1405 1170 1455 nne
1194 1392 1226 1453 et
1249 1385 1397 1482 deinceps
1422 1413 1440 1458 a
1464 1411 1517 1461 me
1542 1391 1635 1462 vobis
1659 1395 1700 1464 sit

278 1507 511 1580 venumdatum
535 1515 568 1576 et
584 1505 746 1580 ,nuditum
767 1505 802 1576 in
818 1513 924 1576 vestra
939 1504 1119 1598 auumque
1132 1505 1303 1580 heredibus
1318 1511 1381 1580 sint
1397 1518 1551 1604 potestate
1567 1534 1698 1608 queque

278 1628 395 1702 exinde
419 1632 523 1702 iacere
548 1627 717 1700 volueritis
739 1647 867 1722 semper
890 1623 1008 1696 libera.
1030 1624 1150 1696 abeatis
1165 1635 1318 1718 potestate
1334 1631 1513 1703 dibidentes
1527 1633 1599 1703 iiiut
1614 1635 1697 1704 inter

277 1752 372 1826 robis
394 1753 574 1848 vestrisque
598 1749 768 1826 heredibus
791 1771 850 1846 per
873 1748 1057 1824 medietate.
1081 1767 1141 1819 vos
1167 1759 1348 1822 memorato
1363 1754 1503 1824 mutina
1517 1765 1550 1824 et
1564 1779 1696 1832 memo-

277 1891 352 1956 roto
385 1881 537 1974 megetio
568 1889 602 1952 et
632 1881 785 1954 iamdicto
816 1879 903 1953 idem
930 1879 1071 1950 martino
1095 1886 1127 1950 et
1151 1879 1375 1972 prenominato
1404 1883 1545 1954 fermoso
1569 1883 1638 1956 thio
1663 1897 1695 1956 et

278 2015 411 2096 nepotes
434 2012 468 2074 et
491 2001 605 2074 vestrm
638 2001 812 2074 heredibus
844 2001 960 2072 exinde
984 1999 1097 2072 toliere
1120 1998 1260 2071 debeatis
1282 2001 1452 2074 medietate
1476 2014 1509 2074 et
1532 2027 1590 2074 vos
1615 2027 1692 2078 me-
1848 2048 1850 2052 -

272 2133 399 2204 monto
421 2133 513 2217 petro
535 2131 568 2194 et
591 2130 769 2194 memorato
793 2121 933 2194 iohanne
956 2119 1026 2192 thio
1050 2129 1083 2192 et
1104 2131 1237 2216 nepotes
1261 2126 1425 2196 etrestris
1441 2125 1613 2202 heredibus
1629 2129 1692 2199 alia

272 2249 441 2326 medietate
465 2249 582 2325 exinde
605 2259 653 2320 set
675 2249 717 2320 de
738 2249 809 2340 ipsa
830 2247 1000 2321 medietate
1026 2248 1086 2345 qni
1099 2259 1133 2321 te
1148 2261 1328 2324 memorato
1351 2255 1490 2326 martino
1506 2267 1538 2327 et
1560 2279 1693 2328 memo·

272 2381 345 2442 rato
368 2370 521 2465 gregorio
544 2377 578 2440 et
600 2369 754 2438 iamdicto
776 2369 863 2440 idem
887 2371 1029 2442 mortino
1046 2380 1079 2439 et
1103 2385 1284 2447 memorato
1307 2379 1449 2466 humosa
1473 2381 1693 2454 exinde-teti-

272 2497 358 2592 gerit
381 2507 418 2569 ut
442 2517 540 2598 super
561 2493 681 2590 legitur
703 2501 740 2568 tu
758 2501 943 2566 memorato
965 2493 1105 2566 martino
1126 2503 1159 2566 et
1174 2497 1240 2570 tuis
1259 2499 1432 2574 heredibus
1449 2508 1565 2580 exinde
1581 2509 1692 2580 toliere

272 2622 414 2697 debeatis
436 2645 501 2697 uua
523 2622 672 2719 portione
693 2629 727 2694 et
749 2641 809 2694 vos
832 2629 1011 2694 memorato
1031 2623 1183 2716 gregorio
1207 2634 1239 2694 et
1255 2635 1434 2696 memorato
1450 2627 1536 2696 idem
1552 2633 1692 2700 martino

272 2762 305 2825 et
327 2752 480 2826 iamdicto
503 2751 644 2824 iermoso
657 2759 701 2822 'et
717 2750 832 2824 venis
846 2749 1020 2824 heredibus
1042 2771 1105 2822 una
1119 2751 1269 2846 portione
1284 2751 1401 2825 exinde
1421 2753 1455 2825 iu
1472 2755 1543 2827 viee
1567 2753 1607 2826 de
1623 2778 1692 2828 me-

269 2887 395 2952 morato
411 2880 540 2972 penitm
562 2886 668 2954 vester
682 2886 716 2949 et
732 2899 837 2972 aeque
858 2899 878 2946 a
894 2898 946 2948 me
962 2885 1138 2949 memorata
1153 2877 1317 2952 eudmmia
1331 2903 1392 2975 pro
1407 2881 1478 2952 viee
1494 2903 1566 2954 mea
1583 2891 1616 2955 et
1629 2895 1690 2978 pro

269 3004 341 3076 riae
356 3004 398 3076 de
411 3011 589 3076 memorata
604 3002 724 3076 mliieta
742 3003 808 3076 iiiia
823 3025 894 3076 meo
909 3006 968 3100 qni
985 3004 1068 3076 infra
1084 3013 1166 3079 etate
1182 3027 1250 3080 esse
1266 3007 1396 3080 videtur
1410 3031 1467 3081 seu
1484 3018 1607 3084 etcum
1624 3034 1691 3080 vo-
1745 3021 1748 3027 ·

271 3131 403 3204 inmtate
422 3139 599 3205 memorata
618 3132 747 3206 domina
763 3133 867 3207 maria
881 3133 1013 3208 honesta
1027 3135 1145 3210 femina
1160 3137 1214 3209 eui
1229 3159 1288 3208 uos
1303 3135 1399 3208 defisa
1415 3158 1525 3208 sumus
1540 3147 1572 3209 et
1588 3162 1605 3206 a
1622 3139 1691 3232 ipsa

270 3253 401 3326 donnino
425 3256 528 3326 maria
550 3254 684 3328 boneta
706 3254 826 3328 femina
850 3257 1068 3330 consentiente
1085 3257 1126 3329 ad
1149 3281 1187 3328 ea
1203 3267 1383 3330 memorato
1400 3258 1534 3330 domino
1550 3257 1690 3330 iohanne

268 3377 490 3474 bueoapiotola
522 3377 596 3452 viro
618 3401 679 3452 suo
701 3401 808 3478 neque
831 3404 850 3450 a
873 3382 992 3454 nostris
1024 3380 1198 3456 heredibus
1221 3382 1312 3456 nulio
1336 3392 1482 3480 tempore
1506 3403 1686 3478 numquam
1800 3401 1808 3404 ·

268 3501 327 3575 boo
350 3513 533 3576 memorato
554 3505 694 3576 mortino
725 3514 759 3577 et
791 3507 944 3578 iamdicto
967 3517 1060 3603 petro
1084 3510 1247 3604 germanis
1271 3520 1303 3580 et
1327 3517 1505 3582 memorato
1529 3509 1685 3604 gregorio

270 3636 302 3699 et
329 3627 480 3702 iamdicto
503 3627 590 3700 idem
613 3629 751 3702 martino
776 3637 809 3700 et
837 3632 1061 3722 prenominato
1085 3635 1226 3702 fermoso
1253 3633 1414 3724 germanis
1449 3641 1482 3701 et
1505 3641 1687 3703 memorato

271 3757 410 3830 iohanne
433 3778 475 3826 oe
499 3765 547 3828 est
570 3755 634 3827 this
657 3764 689 3826 et
712 3763 842 3850 nepotes
865 3777 922 3829 seu
946 3756 1098 3829 exadeliis
1121 3765 1253 3851 nepotes
1276 3766 1374 3852 atque
1399 3768 1592 3856 pronepotes
1608 3759 1689 3830 meis

271 3892 329 3956 aut
351 3882 486 3956 heredes
509 3881 624 3955 vestris
646 3881 735 3976 quod
758 3879 839 3950 absit
862 3879 982 3952 abeatis
1005 3881 1122 3952 exinde
1145 3880 1319 3973 aliquando
1343 3902 1538 3973 quacunque
1565 3901 1690 3974 reque-

272 4011 388 4084 eitiene
413 4018 469 4080 aut
492 4007 640 4082 molestia
655 4030 715 4102 per
739 4006 865 4078 nullum
882 4005 1018 4076 modum
1035 4027 1095 4074 nee
1110 4025 1169 4096 per
1184 4004 1369 4073 summissas
1385 4023 1536 4094 personas
1561 4025 1580 4070 a
1601 4025 1688 4076 nunc

219 4209 221 4212 .
269 4149 302 4212 et
324 4135 534 4234 imperpetuis
557 4134 757 4232 temporibus
780 4135 913 4225 insuper
936 4129 1026 4200 omni
1051 4137 1197 4220 tempore
1220 4149 1279 4198 nos
1302 4135 1336 4198 et
1352 4127 1488 4199 heredes
1512 4131 1629 4202 nostris
1647 4155 1687 4204 oe

267 4289 332 4365 qne
355 4266 449 4339 vobis
465 4261 729 4336 venumdedimus
743 4258 883 4358 qualiter
900 4257 1048 4354 superius
1069 4257 1189 4354 legitur
1204 4257 1245 4328 ab
1261 4277 1372 4330 omues
1387 4256 1536 4331 homines
1553 4257 1683 4331 homni-

267 4413 332 4486 que
353 4391 498 4485 personis
521 4388 555 4460 in
578 4385 729 4458 omnibus
760 4383 852 4456 robis
875 4383 1055 4480 vmuhqne
1077 4381 1251 4455 heredibus
1274 4387 1430 4452 antestare
1460 4389 1493 4453 et
1517 4383 1683 4454 defensare

267 4515 452 4590 debeamus.
478 4537 539 4608 pro
570 4533 610 4586 eo
633 4512 722 4606 quod
753 4508 939 4604 impresenti
970 4507 1149 4602 accepimus
1184 4531 1202 4576 a
1234 4502 1326 4577 vobis
1358 4501 1475 4576 exindo
1505 4506 1587 4577 idest
1611 4507 1682 4578 auri

267 4643 329 4714 tari
362 4641 480 4738 viginti
512 4641 673 4736 quadtuor
703 4637 790 4710 unde
820 4637 861 4709 de
883 4643 1078 4708 memoratos
1101 4623 1163 4703 t'ari
1193 4654 1256 4728 ego
1279 4639 1455 4702 memorata
1493 4627 1624 4701 eufimia
1648 4638 1681 4700 et

266 4773 443 4836 memoratu
466 4761 531 4834 tilia
554 4783 627 4832 mea
651 4757 766 4831 exinde
791 4755 924 4828 tulimus
946 4754 1018 4828 auri
1041 4754 1103 4824 teri
1120 4753 1283 4848 quadtnor
1307 4765 1340 4826 et
1356 4747 1500 4848 reliquos
1516 4751 1604 4846 ipsos
1617 4751 1679 4822 tari

266 4885 350 4962 tulid
373 4892 550 4976 memorata
574 4884 705 4958 domina
728 4881 830 4954 maria
853 4879 987 4952 honesta
1009 4877 1130 4951 femina
1153 4875 1288 4972 proinde
1310 4897 1372 4950 nos
1394 4885 1428 4950 et
1450 4899 1489 4948 ee
1513 4885 1545 4950 et
1563 4875 1681 4950 nostris
