4882 6534
895 625 1041 730 (nes)
1163 723 1166 728 Ι

867 917 1059 996 GCCXLVI.

350 1185 442 1278 †in
470 1177 606 1256 ‘nomina
639 1179 763 1256 domini
796 1179 849 1254 dei
879 1178 1049 1252 salvatoris
1071 1148 1175 1252 nostri
1196 1178 1291 1254 ibem
1315 1179 1458 1254 Christi:
1492 1182 1673 1278 imperante
1769 1199 1841 1269 An,

257 1308 388 1398 domino
411 1313 524 1380 nostro
547 1329 718 1379 tommano
748 1327 868 1401 magno
900 1304 1100 1400 Imperatore
1130 1327 1215 1376 enno
1238 1304 1400 1378 seeundo:
1428 1303 1480 1378 die
1504 1309 1673 1382 undecima
1760 1331 1875 1407 1031„

255 1431 375 1505 mensis
397 1430 535 1504 ianuarii
559 1429 736 1502 instintione
758 1425 1014 1522 quartadecima
1037 1426 1183 1522 neapoli:
1216 1427 1349 1501 Certum
1374 1439 1496 1503 estnoe
1518 1425 1673 1527 stephano

255 1552 440 1650 primicerio
463 1553 532 1626 filio
555 1551 717 1648 quondam
740 1549 868 1620 romani
894 1545 1104 1641 primioerei=
1134 1555 1168 1616 et
1193 1550 1301 1642 sergio
1324 1551 1383 1644 qui
1406 1552 1592 1624 nominatur
1613 1558 1673 1647 pi..

256 1677 334 1752 cillo
358 1677 427 1750 filio
450 1675 615 1772 quondam
639 1673 789 1747 iohannis
811 1670 1038 1767 pappadeum:
1075 1679 1109 1756 et
1131 1667 1271 1743 iohanne
1294 1669 1353 1764 qui
1376 1673 1564 1745 nominatur
1586 1676 1699 1748 oris-'

90 1824 100 1842 ·
254 1801 334 1894 pulo
356 1797 426 1876 ulio
447 1799 619 1896 quondum
641 1797 730 1871 leoni
761 1789 931 1890 erispulo:
960 1814 1053 1866 seum
1077 1790 1220 1864 iobnnne
1242 1790 1301 1888 qui
1323 1795 1514 1866 nominatur
1535 1796 1671 1870 missino

253 1923 323 1994 filio
356 1923 523 2017 quondam
551 1920 714 1996 tommaui
745 1919 949 2014 puppndeum
979 1916 1043 1989 boo
1074 1927 1124 1988 est
1154 1915 1225 1988 thio
1247 1924 1281 1992 et
1303 1927 1438 2012 nepotes
1461 1919 1671 1998 abitatoribus

254 2057 363 2124 autem
386 2049 422 2122 in
445 2050 519 2137 loeo
542 2050 602 2145 qui
624 2055 758 2120 uocatur
782 2048 824 2120 ad
848 2055 962 2118 actone
981 2053 1173 2120 atsanotum
1189 2045 1380 2142 stephanum
1403 2049 1482 2120 toris
1501 2050 1671 2124 tlobeumt

251 2173 294 2244 A.
307 2174 448 2270 presenti
468 2172 524 2246 ue
545 2169 763 2268 promtissima
793 2169 973 2244 volumtate
995 2169 1215 2265 promitomus
1237 2170 1332 2243 robis
1355 2171 1488 2246 domino
1510 2175 1671 2248 laurentio

252 2303 431 2378 venerabili
454 2301 645 2396 presbytero
663 2308 705 2369 st
726 2296 888 2370 menaebo
901 2297 1102 2390 dbpensutor
1115 2305 1272 2372 etreetor
1285 2299 1472 2374 monasterii
1485 2310 1671 2372 sanctorum

253 2431 352 2525 sergii
376 2437 409 2498 et
429 2425 550 2498 uaebi:
584 2423 644 2518 qui
666 2443 754 2492 nuno
777 2429 990 2516 oongregntus
1012 2430 1063 2491 est
1085 2421 1122 2493 in
1143 2427 1339 2498 monasterio
1362 2435 1548 2500 nouorum
1571 2428 1672 2501 theo-

254 2555 326 2628 dori
351 2560 385 2628 et
406 2548 576 2624 sebastiani
599 2547 657 2644 qui
681 2545 860 2643 appellatur
883 2544 1040 2642 ourapietu
1064 2545 1164 2620 situm
1189 2545 1225 2621 iu
1240 2547 1448 2624 viridiarium
1461 2561 1494 2622 et
1508 2563 1542 2623 at
1556 2566 1672 2628 cuneta

253 2688 361 2754 uestra
383 2677 670 2774 congregationem
701 2675 937 2748 monachornm
966 2673 1140 2747 memorati
1164 2675 1265 2750 saneti
1286 2684 1320 2749 et
1341 2677 1535 2754 venerabilis
1557 2682 1673 2754 restris

253 2801 440 2880 monasterii
456 2807 591 2897 propter
612 2821 679 2874 una
694 2795 839 2874 obertula
853 2795 1038 2870 manburnia
1052 2796 1173 2894 scripta
1186 2821 1267 2897 quos
1281 2822 1342 2874 nos
1356 2801 1517 2897 perditam
1538 2803 1672 2878 abemus

252 2951 319 3030 que
335 2931 381 3006 da·
392 2937 575 3004 memorato
597 2935 706 3002 vestro
721 2927 920 3002 monasterio
943 2935 1146 3024 etpreensum
1161 2927 1322 3004 ubuemnt
1337 2941 1518 3008 memorato
1533 2955 1671 3006 romano

253 3055 393 3152 genitori
420 3075 496 3127 meo
526 3061 708 3126 memorato
740 3051 895 3147 stephano
927 3053 1114 3148 primicerio
1143 3075 1221 3128 enm
1245 3057 1410 3152 quondam
1433 3055 1588 3154 stephano
1613 3061 1671 3158 qui

253 3180 421 3255 dioebatur
443 3181 647 3278 pappedeum
673 3189 706 3256 et
728 3185 805 3255 eum
825 3205 907 3256 urso
929 3182 1092 3280 germanis
1114 3185 1182 3258 suis
1205 3184 1285 3259 tbiis
1307 3195 1341 3261 et
1363 3185 1470 3260 ebbiis
1490 3187 1610 3260 uostris
1633 3189 1673 3261 de

256 3309 383 3384 inolitos
405 3309 486 3383 duos
508 3309 653 3382 ooniolus
675 3309 715 3384 de
738 3315 840 3384 terres
872 3309 954 3384 imis
977 3283 1149 3386 memorati
1170 3313 1272 3388 vestri
1295 3313 1484 3388 monasterii
1506 3337 1572 3386 una
1595 3334 1673 3386 cnm

256 3435 392 3532 scapulis
416 3445 450 3510 et
472 3439 537 3512 nias
561 3459 635 3512 snos
667 3445 701 3508 et
731 3459 810 3512 eum
839 3439 987 3512 introitus
1022 3461 1098 3512 suas
1123 3449 1159 3512 et
1183 3441 1334 3514 omnibus
1369 3443 1417 3514 eis
1439 3439 1673 3536 permortuus

258 3583 361 3636 unum
384 3581 466 3638 uero
489 3585 532 3636 ex
555 3562 626 3656 ipen
648 3560 778 3634 coniolo
807 3572 859 3634 est
882 3563 1022 3655 desuper
1052 3570 1161 3634 saneta
1183 3563 1286 3634 maria
1309 3586 1375 3658 que
1398 3565 1584 3636 nominatur
1606 3562 1675 3634 las-

254 3691 414 3762 samunien
436 3692 478 3764 de
500 3697 680 3762 memorato
702 3689 776 3761 loco
800 3697 934 3760 antone:
961 3697 995 3760 et
1017 3686 1119 3760 alium
1142 3697 1190 3760 est
1212 3691 1254 3764 de
1278 3689 1392 3763 subtus
1407 3691 1477 3786 ipsa
1491 3688 1626 3762 eeclesia
1641 3696 1674 3761 et

252 3814 393 3908 qualiter
414 3813 504 3887 rudit
527 3823 560 3884 et
582 3812 747 3886 deseendit
768 3833 873 3908 usque
896 3820 930 3883 at
949 3811 1059 3885 ribum
1082 3815 1254 3908 proprium
1274 3815 1446 3888 memorati
1466 3814 1581 3888 restris
1595 3835 1675 3886 mo-

250 3937 382 4010 nasterii
406 3937 465 4033 qui
488 3943 536 4006 est
559 3936 750 4008 eoninntnm
772 3935 882 4030 ipsum
904 3935 1015 4006 ribum
1037 3957 1115 4006 rum
1136 3935 1282 4028 scapulas
1305 3941 1339 4004 et
1362 3947 1463 4006 terras
1479 3942 1601 4005 vestros
1615 3933 1674 4004 ubi

251 4061 354 4132 abetis
376 4057 431 4132 illu
453 4059 633 4132 obedientia
656 4067 761 4132 restra
784 4055 886 4128 saneti
907 4055 1013 4126 basilii
1035 4055 1076 4124 de
1099 4054 1176 4126 loeo
1191 4057 1252 4150 qui
1275 4064 1413 4128 vocatur
1435 4055 1614 4126 nonnnria:
1641 4065 1675 4130 et
1733 4049 1737 4054 ’

252 4187 295 4260 de
318 4183 383 4258 alio
407 4181 506 4256 latere
531 4191 581 4254 est
602 4182 671 4276 ipse
694 4176 840 4250 ooniolus
864 4173 1041 4250 desubtus
1072 4174 1266 4250 ooniuutum
1289 4197 1366 4248 oum
1388 4175 1461 4248 ribo
1484 4177 1544 4273 qui
1567 4181 1674 4252 nomi·

251 4325 351 4390 natur
374 4313 415 4388 de
438 4313 567 4384 fontana
590 4305 758 4406 puomodo
786 4322 886 4401 aquas
918 4305 1062 4377 exfinat:
1100 4277 1187 4378 unde
1217 4327 1277 4400 per
1309 4327 1369 4377 ene
1393 4303 1537 4378 oburtnlu
1559 4327 1675 4401 repro-

248 4427 413 4514 mittimus
434 4447 468 4510 et
490 4436 657 4511 firmamus
680 4433 773 4506 vobis
789 4433 866 4530 quia
888 4429 1070 4505 nullatenus
1086 4430 1342 4526 presummimus
1353 4452 1414 4502 nos
1429 4405 1485 4503 unt
1500 4431 1673 4504 heredibus

248 4571 371 4646 nostris
393 4592 454 4642 neo
476 4568 627 4642 memus
649 4563 816 4637 licentiam
848 4559 1022 4658 aliquando
1052 4569 1199 4654 tempore
1230 4582 1291 4632 vos
1319 4569 1376 4633 unt
1398 4562 1535 4656 posteris
1557 4560 1672 4633 uestris

247 4725 313 4776 noo
335 4706 514 4773 memorato
538 4687 649 4770 saneto
677 4701 786 4767 restro
807 4689 1007 4763 monasterio
1030 4689 1147 4762 exinde
1170 4711 1309 4784 querere
1332 4711 1392 4761 nee
1415 4696 1672 4784 permemoratur

253 4827 403 4901 chartula
437 4849 503 4920 que
535 4827 575 4898 da
607 4829 785 4898 memorato
819 4827 928 4894 vestro
960 4817 1156 4890 monasterio
1180 4827 1214 4888 et
1236 4817 1448 4891 lavoranrlum
1471 4821 1671 4913 etpre'aonnm
1825 4918 1832 4926 ι

253 4953 416 5026 abuerunt
439 4953 626 5026 memoratis
647 4948 834 5046 parentibus
853 4945 971 5020 nornis
996 4967 1062 5042 que
1078 4965 1137 5016 nos
1152 4943 1252 5018 modo
1267 4947 1425 5042 perditam
1441 4945 1596 5021 habemus
1612 4973 1671 5026 nee
1769 4971 1778 4981 ·

362 5079 426 5153 Vol.
450 5079 509 5152 tu.
1297 5089 1342 5150 29
