4896 6522
895 527 908 622 (
934 528 976 598 5⁵
1001 523 1015 623 l

244 699 379 774 vocetur
401 689 563 768 hillonoha
588 691 629 766 de
652 687 712 765 illu
736 705 931 787 grnmmusu
954 689 1060 784 posita
1081 687 1117 761 in
1140 681 1322 760 memorale
1352 681 1428 758 looo
1451 689 1511 784 qui
1533 693 1671 760 vocatur

243 848 341 922 super
364 829 510 898 sanctum
535 821 654 896 andree
678 823 863 893 attextum
887 819 947 916 qui
971 817 1074 892 adhuc
1096 815 1132 890 in
1155 837 1330 890 comunem
1353 821 1387 888 et
1409 814 1587 888 indivisum
1608 835 1669 885 re-

242 953 326 1024 iecet
349 949 419 1044 ipsa
441 945 537 1018 tertia
560 967 633 1017 mea
656 944 774 1019 exinde
797 963 873 1016 cum
897 949 1076 1014 memorata
1098 939 1192 1014 tertia
1207 947 1264 1014 tua
1280 949 1460 1013 memorata
1476 939 1576 1012 drosu
1601 937 1668 1008 thio

243 1093 316 1145 mee
339 1094 405 1144 una
431 1091 509 1140 cum
531 1073 711 1141 memorate
734 1065 828 1138 tertia
852 1062 971 1137 exinde
993 1063 1164 1136 memorati
1186 1063 1323 1137 heredes
1346 1063 1492 1140 iamdicti
1524 1060 1669 1157 gregorii

244 1199 305 1273 thii
329 1201 395 1274 mei
422 1199 547 1273 dudum
569 1195 715 1294 germani
739 1194 789 1268 tui
814 1201 846 1268 et
869 1201 1048 1266 memorata
1069 1193 1164 1264 tertia
1197 1213 1271 1263 mea
1301 1214 1468 1264 unacum
1490 1197 1669 1262 memorata

243 1329 341 1402 tertia
364 1337 422 1400 tna
445 1327 562 1400 exinde
586 1347 645 1398 sen
668 1333 701 1397 et
724 1346 799 1396 eum
823 1330 1002 1393 memorata
1018 1322 1114 1394 tertia
1131 1319 1171 1393 de
1184 1319 1359 1394 memorati
1374 1316 1510 1392 heredes
1526 1315 1669 1388 iamdicti

245 1455 389 1551 gregorii
415 1451 474 1526 thil
496 1451 563 1526 mei
587 1453 709 1523 dudum
733 1448 881 1546 germani
903 1448 962 1520 tui.
986 1447 1107 1522 iterum
1128 1445 1211 1517 aduc
1228 1446 1264 1518 in
1281 1471 1454 1522 comunem
1470 1455 1502 1517 et
1519 1445 1671 1518 indivisas

245 1579 365 1650 reiaeet
388 1597 463 1648 oum
485 1573 627 1670 reliquas
641 1582 708 1646 tres
723 1581 830 1668 partes
841 1569 999 1645 heredum
1012 1567 1177 1668 qnondam
1192 1571 1363 1640 memorati
1377 1570 1502 1640 domini
1517 1574 1601 1663 petri
1616 1593 1672 1644 ou·

245 1699 347 1771 rielrs.
374 1706 407 1770 et
429 1698 600 1773 memorati
622 1695 757 1768 heredes
780 1695 947 1794 quondam
970 1693 1095 1768 domini
1117 1691 1289 1767 memorati
1310 1691 1424 1788 pietuli
1440 1699 1472 1762 et
1487 1701 1668 1765 memorate

248 1827 350 1899 drosn
373 1825 439 1898 slis
463 1825 629 1921 qnondam
651 1825 822 1926 memorati
851 1827 936 1922 petri
969 1823 1124 1900 monachi
1156 1819 1269 1893 relicta
1304 1819 1469 1917 qnondam
1500 1820 1671 1892 memorati

246 1947 388 2019 andreec
412 1969 478 2019 nna
503 1969 579 2020 oum
604 1948 776 2022 arboribus
799 1957 833 2020 et
854 1949 1038 2043 predictum
1060 1945 1353 2018 introitum-sunm
1375 1951 1409 2015 et
1433 1924 1585 2016 omnihus
1606 1941 1671 2017 sibi

245 2069 479 2166 pertinentibus
504 2069 678 2142 coherente
702 2061 767 2144 sivi
790 2071 923 2144 insimul
950 2072 992 2144 de
1014 2093 1082 2144 uno
1105 2069 1206 2148 latere
1229 2070 1340 2142 nsina.
1364 2070 1404 2143 de
1419 2068 1484 2142 alio
1507 2067 1606 2140 latere
1624 2075 1672 2140 est

243 2199 334 2272 rihus
357 2207 390 2270 et
411 2197 561 2271 risinam:
597 2199 637 2274 de
660 2223 728 2273 uno
752 2202 856 2298 eapite
880 2211 968 2275 terra
992 2199 1127 2274 heredes
1150 2201 1315 2298 qnondam
1338 2197 1473 2271 iohanni
1504 2195 1671 2296 quondam
1715 2282 1720 2294 ι

245 2323 286 2396 de
309 2371 508 2397 .........
524 2321 583 2419 qni
609 2322 679 2398 fuid
703 2323 771 2399 filio
795 2324 950 2398 cosmati:
974 2331 1006 2396 at
1029 2324 1110 2398 hero
1133 2323 1200 2396 alio
1224 2323 1329 2419 capite
1351 2321 1406 2395 vin
1428 2319 1595 2417 puhblici:
1624 2319 1673 2391 De

245 2467 312 2538 qua
334 2443 436 2515 nichil
458 2445 559 2516 michi
583 2446 700 2519 exinde
723 2447 857 2544 aliquod
880 2446 1036 2520 remansit
1060 2453 1117 2516 aut
1139 2445 1305 2518 reserhahi
1326 2467 1387 2517 nec
1418 2443 1454 2516 in
1478 2443 1582 2512 aliena
1605 2463 1678 2518 ena.
1767 2439 1770 2442 ’

246 2568 365 2666 iusque
387 2593 524 2664 persona
541 2575 637 2667 'quod
667 2575 749 2647 absit
781 2573 896 2648 comisi
921 2576 986 2648 aud
1012 2575 1078 2648 iem
1101 2572 1340 2644 commistimus
1371 2556 1551 2665 potestate:
1583 2577 1630 2638 set
1654 2595 1672 2640 a

245 2698 387 2791 presenti
412 2697 464 2771 die
489 2708 521 2771 et
545 2700 696 2800 deinceps
724 2729 820 2781 ame
842 2705 903 2778 tihi
926 2708 990 2780 sint
1022 2701 1255 2776 venumdatum
1290 2719 1347 2772 seu
1380 2697 1606 2770 confirmatum
1622 2730 1627 2742 ·
1641 2708 1673 2772 et

246 2825 400 2900 traditum
423 2828 459 2901 in
482 2839 539 2904 tua
563 2832 693 2930 tuisque
716 2834 892 2908 heredibus
917 2835 982 2906 sint
1004 2841 1162 2928 potestate
1182 2851 1318 2930 ¹queque
1344 2825 1462 2904 exinde
1477 2826 1584 2902 lacere
1598 2849 1667 2900 vo-

246 2949 368 3023 lueritis
384 2975 512 3048 semper
535 2955 672 3029 liberem
687 2955 805 3029 exinde
821 2956 856 3028 in
870 2955 1021 3028 omnihus
1038 2952 1172 3026 arbitrio
1189 2953 1310 3024 eheatis
1326 2955 1502 3047 potestate:
1519 2960 1551 3023 et
1565 2973 1671 3047 noque

245 3103 265 3149 a
288 3101 342 3149 me
364 3091 544 3151 memorato
566 3092 661 3176 petro
679 3107 757 3154 eum
771 3059 966 3158 eonsensum
982 3093 1016 3156 et
1031 3084 1210 3158 volumtate
1229 3088 1407 3154 memorate
1419 3087 1568 3152 matrone
1585 3102 1671 3150 eon-

245 3204 318 3298 iugi
342 3227 415 3276 mee
438 3227 545 3299 neque
568 3232 588 3279 a
610 3210 730 3280 nostris
753 3210 925 3282 heredibus
948 3235 1008 3284 neo
1034 3236 1052 3282 a
1075 3211 1168 3296 nohis
1193 3211 1338 3306 personis
1369 3208 1549 3282 summissis
1579 3205 1674 3280 nullo

247 3339 396 3422 tempore
418 3350 597 3422 numquam
621 3338 659 3400 tu
682 3340 860 3403 memorata
884 3331 983 3402 drosu
1007 3331 1075 3402 thia
1101 3355 1174 3402 mea
1202 3331 1289 3404 hand
1320 3331 1455 3404 heredes
1487 3331 1553 3402 tuis
1585 3329 1674 3424 qnod

247 3449 331 3523 ahsit
355 3448 473 3521 abeetis
497 3447 615 3521 exindo
639 3451 813 3545 aliquando
835 3460 981 3546 tempore
1005 3473 1212 3547 quacumque
1236 3453 1489 3548 requesitionem
1513 3454 1576 3526 and
1593 3473 1693 3540 mo-¹

242 3578 453 3685 lestiam-per
475 3576 602 3650 nullum
626 3577 760 3651 modum
784 3602 843 3652 nec
867 3579 1130 3674 percommissis
1154 3605 1173 3650 a
1198 3604 1284 3654 nunc
1302 3592 1335 3653 et
1350 3581 1560 3677 imperpetnis
1583 3590 1700 3652 tem-s

242 3705 389 3800 porihm.
414 3707 550 3799 lnsuper
573 3704 688 3778 homni
716 3715 863 3802 tempore
893 3731 956 3804 ego
984 3693 1021 3780 'et
1053 3708 1187 3781 heredes
1218 3709 1301 3782 meis
1335 3707 1452 3782 exinde
1486 3708 1527 3782 oh
1560 3731 1674 3782 omnes

240 3833 369 3906 omines
392 3834 572 3929 homnique
597 3859 739 3929 persona
763 3835 803 3908 ah
836 3840 990 3934 omnique
1022 3839 1167 3934 partibus
1195 3837 1230 3909 in
1265 3836 1419 3909 omnihus
1452 3836 1511 3910 tibi
1544 3836 1674 3932 tuisque

236 3956 418 4030 heredibus
442 3966 599 4032 antestare
631 3969 663 4030 et
694 3960 859 4032 defensare
890 3960 1064 4049 deheamns
1096 3961 1219 4055 absque
1252 3961 1343 4032 omni
1371 3967 1427 4032 tna
1450 3958 1673 4052 heredumque

236 4095 381 4157 tuorum
403 4085 634 4157 damnietatem
656 4087 748 4158 nullo
771 4088 888 4161 exinde
910 4089 1078 4162 mictentes
1103 4086 1374 4161 hocoensionem:
1398 4108 1438 4162 eo
1462 4084 1551 4185 quod
1566 4108 1669 4182 supe-

233 4215 316 4286 rius
341 4210 411 4282 dixi
435 4210 543 4304 recepi
566 4235 585 4280 a
607 4220 640 4282 te
664 4213 781 4284 exinde
804 4235 864 4306 per
887 4237 987 4311 mann
1011 4218 1052 4288 de
1076 4216 1264 4289 memoratis
1287 4215 1480 4290 mediatores
1506 4215 1547 4288 oh
1562 4215 1671 4312 ipsum

234 4333 438 4433 preteritum
462 4353 566 4402 unum
589 4353 710 4402 annum
733 4323 767 4402 et
789 4331 934 4406 medium
958 4339 1129 4408 memorati
1152 4339 1215 4410 tari
1238 4339 1354 4434 higinti
1387 4351 1453 4414 tres
1482 4362 1583 4436 quem
1608 4365 1671 4434 ego

235 4474 326 4534 tune
359 4459 433 4534 dedi
457 4465 489 4528 et
512 4458 642 4532 retdidit
668 4468 700 4530 at
724 4459 937 4534 oreditoribus
962 4461 1043 4537 meis
1067 4463 1102 4534 in
1126 4488 1256 4538 omnem
1286 4468 1482 4544 decisionem
1514 4491 1572 4538 sen
1606 4468 1671 4538 de·-

234 4583 490 4658 liverationem:
514 4583 600 4667 Quia
625 4585 669 4654 ita
695 4584 779 4655 inter
805 4581 898 4655 nohis
921 4585 1008 4659 stetit
1031 4595 1128 4684 etque
1153 4589 1382 4683 complacuid:
1414 4591 1449 4661 Si
1473 4598 1582 4660 autem
1606 4611 1668 4684 ego

239 4715 304 4778 aut
329 4703 463 4777 heredes
487 4707 568 4778 meis
592 4705 710 4802 quohis
734 4714 879 4802 tempore
900 4718 1012 4780 contre
1027 4731 1086 4780 nnc
1103 4709 1282 4783 chartulam
1300 4710 1496 4786 venditionis
1510 4712 1555 4784 ud
1569 4735 1667 4812 super

236 4826 368 4925 legitur
391 4828 502 4906 venire
525 4827 795 4924 presumserimus
819 4839 851 4902 et
874 4830 1009 4906 minime
1032 4830 1318 4930 adimpleverimus
1342 4857 1379 4909 ec
1399 4834 1509 4910 omnia
1532 4858 1666 4912 memo-
