4888 6528
1440 598 1578 692 (rso)
1666 541 1676 562 ⁰

788 767 961 844 heredibus
986 767 1080 839 uobis
1104 763 1282 859 uestrisque
1305 754 1441 852 posteris
1464 735 1508 824 et'
1521 754 1556 824 in
1580 758 1763 822 memorato
1787 759 1899 825 saneto
1913 763 1947 828 et
1963 761 2141 836 venerabili
2160 788 2217 838 ue-

788 913 856 973 stro
878 897 1072 970 monasterio
1096 891 1214 964 exinde
1236 885 1424 960 terraticum
1447 874 1524 950 dare
1548 886 1581 950 et
1604 877 1757 950 atdueero
1781 881 1956 957 debeamus
1970 907 2030 979 per
2046 891 2218 965 festivitate

789 1031 896 1096 sancte
919 1018 1022 1089 merie
1046 1018 1086 1087 de
1110 1019 1246 1107 augusto
1270 1031 1379 1082 mense
1402 1004 1485 1078 idest
1498 1003 1642 1076 triticum
1656 1004 1766 1078 modin
1780 1007 1867 1086 dua:
1889 1000 1926 1078 'et
1943 1010 2075 1094 mileum
2099 1018 2213 1088 modia

788 1151 873 1220 dua:
899 1142 1033 1216 insimul
1055 1141 1179 1212 bouum
1202 1133 1325 1210 siceum
1349 1143 1488 1205 tractum
1511 1139 1662 1228 paratum
1684 1151 1790 1226 osque
1806 1132 1894 1206 intus
1909 1149 2087 1210 memorato
2102 1153 2215 1212 saneto

788 1283 895 1349 vestro
918 1268 1115 1343 monasterio
1139 1245 1360 1340 memnretum
1383 1275 1416 1334 at
1438 1262 1534 1336 illum
1558 1261 1708 1334 modion
1733 1271 1880 1336 vestrum
1904 1286 1982 1336 eum
2005 1289 2070 1361 que
2104 1267 2215 1340 tollere

788 1399 874 1470 soliti
898 1395 995 1470 exutis
1019 1393 1109 1466 omni
1133 1415 1240 1464 snnue
1262 1389 1303 1462 de
1325 1389 1396 1484 ipse
1420 1387 1497 1462 alies
1520 1397 1621 1457 terres
1644 1395 1768 1460 vestros
1790 1409 1855 1483 quse
1879 1387 2005 1462 bebetis
2028 1389 2064 1462 in
2083 1409 2212 1462 memo-

787 1533 861 1595 rato
884 1524 958 1594 loeo
980 1531 1151 1617 paternum
1176 1520 1217 1591 de
1240 1515 1304 1590 illis
1328 1515 1398 1587 ediis
1422 1513 1628 1612 portionariis
1643 1515 1758 1587 vestris
1771 1515 1946 1588 sine'omni
1961 1516 2210 1590 amaricatione:

791 1661 825 1721 et
849 1650 876 1722 si
900 1650 973 1742 plns
996 1644 1097 1718 fueris
1121 1651 1338 1715 memoratum
1361 1637 1500 1712 fundum
1523 1647 1667 1711 vestrum
1692 1636 1732 1709 de
1755 1647 1898 1733 quatuor
1921 1639 2029 1710 modia
2062 1643 2103 1714 do
2133 1654 2214 1714 terre

792 1775 957 1870 perpessi
980 1785 1058 1846 tuno
1089 1779 1247 1866 quantum
1280 1767 1480 1862 superfluum
1513 1763 1634 1838 ibidem
1657 1764 1845 1838 inueneritis
1868 1789 1927 1861 per
1950 1767 2140 1842 ratiocinans
2171 1771 2210 1844 de

792 1907 901 2000 ipsum
924 1901 1123 1994 superfluum
1145 1897 1220 1993 plus
1242 1897 1431 1968 murdrum
1462 1895 1557 1968 vobis
1588 1894 1821 1990 superinngere
1855 1895 2050 1968 debeamus:
2090 1908 2123 1969 et
2151 1901 2213 1972 de-

793 2057 890 2129 super
925 2043 1083 2130 quantum
1116 2027 1230 2100 binum
1263 2031 1354 2098 omni
1386 2047 1490 2099 annue
1521 2023 1642 2098 ibidem
1675 2023 1769 2097 nobis
1800 2025 1950 2098 dominus
1974 2026 2052 2096 deus
2084 2025 2214 2098 dederis

794 2172 938 2236 mantum
960 2157 1120 2231 mundum
1143 2164 1176 2227 et
1199 2175 1411 2247 menapennas
1426 2163 1505 2225 tune
1519 2149 1701 2224 dividemus
1715 2149 1787 2222 illos
1801 2150 1883 2221 inter
1899 2148 1992 2221 nobis
2009 2171 2068 2244 per
2086 2151 2218 2224 medie-

780 2267 881 2362 tates
907 2313 966 2362 vos
990 2297 1022 2360 et
1043 2284 1178 2380 posteris
1201 2284 1317 2357 uestris
1340 2279 1529 2352 medietate:
1547 2287 1580 2351 et
1595 2301 1657 2374 ego
1670 2287 1703 2350 et
1716 2277 1886 2352 heredibus
1898 2279 1978 2352 meis
1989 2279 2140 2352 similiter
2152 2280 2217 2350 alia

795 2417 977 2490 medietate:
996 2422 1028 2485 et
1045 2415 1113 2506 ipse
1131 2410 1301 2482 medente
1317 2417 1426 2482 vestra
1442 2409 1501 2504 qui
1518 2431 1576 2482 vos
1593 2415 1626 2481 et
1640 2408 1776 2504 posteris
1799 2407 1913 2480 uestris
1936 2407 2055 2480 exinde
2075 2407 2217 2502 tetigeris

795 2561 855 2613 vos
870 2549 902 2609 et
912 2535 1052 2632 'metaris
1066 2535 1181 2608 vestris
1193 2534 1268 2607 illos
1283 2535 1401 2608 exinde
1418 2543 1523 2608 tmere
1536 2535 1676 2616 debeatis
1691 2532 1857 2628 quomodo
1868 2533 2051 2628 potuerit'm:
2063 2542 2096 2606 et
2110 2555 2170 2629 apo
2184 2545 2217 2606 et

794 2661 929 2734 heredes
943 2661 1024 2732 meis
1040 2659 1111 2730 illos
1125 2657 1324 2731 vindemiare
1339 2658 1514 2731 debeamus
1529 2665 1562 2728 at
1576 2656 1666 2727 omni
1681 2665 1793 2728 nosue
1809 2655 1983 2751 expandis:
1997 2655 2108 2730 binum
2121 2666 2153 2728 at
2168 2658 2217 2730 vi-

795 2785 938 2856 bendum
953 2791 986 2854 ut
1001 2781 1079 2878 ipsis
1094 2781 1250 2876 operariis
1266 2783 1324 2878 qui
1341 2782 1462 2855 ibidem
1478 2780 1728 2855 vindemiaberis
1743 2782 1925 2854 oemuniter
1936 2781 2070 2854 denum:
2097 2793 2128 2854 et
2150 2784 2219 2876 ipsa

798 2919 884 2980 sorte
900 2918 1005 2980 vestra
1026 2929 1155 2997 servare
1178 2905 1353 2978 debeamus
1377 2907 1412 2978 in
1436 2906 1587 3001 urgensis
1602 2905 1721 2976 nostris
1736 2904 1803 2977 dies
1819 2915 1901 2978 tres:
1922 2913 1952 2977 et
1966 2927 2024 3000 per
2038 2905 2218 2978 vindemias

800 3041 879 3111 duas
896 3058 1046 3132 personas
1062 3045 1183 3110 uestras
1198 3034 1321 3108 nutrire
1336 3025 1508 3107 debeamus
1523 3035 1690 3130 quomodo
1705 3033 1827 3108 imnum
1842 3033 1942 3106 inuis
1958 3035 2038 3110 dum
2053 3034 2089 3104 in
2111 3057 2218 3106 unum

798 3165 1123 3238 bindemiuven'mus:
1149 3172 1182 3236 et
1206 3173 1342 3258 quantas
1357 3157 1456 3236 meles¹
1471 3137 1562 3234 omni
1577 3185 1683 3235 annue
1700 3163 1822 3236 ibidem
1836 3163 1986 3236 habueris
2001 3185 2065 3258 ego
2079 3171 2111 3234 et
2130 3185 2216 3257 pro-

797 3294 877 3390 prus
900 3275 982 3368 mes
1005 3291 1179 3366 seeum
1202 3291 1273 3363 nm
1297 3291 1648 3386 congerendarum
1672 3301 1705 3362 e
1729 3292 1911 3365 uideamus
1935 3292 2005 3364 sne
2027 3293 2111 3366 uer
2125 3291 2219 3362 nun

797 3423 834 3490 in
857 3423 1003 3514 quintam
1026 3426 1171 3512 partem:
1198 3439 1257 3488 uos
1270 3413 1314 3490 'et
1336 3417 1473 3511 posteris
1495 3417 1612 3488 vestris
1635 3416 1755 3488 exinde
1773 3415 1885 3488 tollere
1900 3426 1934 3488 et
1948 3415 2056 3488 levare
2080 3414 2218 3489 debeuis

803 3555 910 3638 portes
933 3555 1020 3615 treet
1046 3551 1079 3612 et
1103 3553 1213 3637 aguet
1227 3543 1308 3616 meis
1331 3537 1472 3639 propriis
1494 3542 1669 3616 heredibus
1683 3542 1767 3638 parti
1783 3539 1867 3614 due:
1893 3551 1926 3612 et
1947 3541 2016 3614 illes
2029 3564 2128 3614 nuces
2143 3563 2217 3614 oum

800 3669 872 3738 illas
896 3667 974 3738 alies
996 3668 1155 3738 iruotorus
1177 3667 1363 3740 dividamus
1383 3669 1474 3740 omni
1497 3691 1603 3740 annue
1617 3691 1677 3762 per
1691 3667 1880 3740 medietate:
1907 3677 1940 3738 et
1962 3668 2031 3762 ipsa
2049 3668 2218 3742 medietate

800 3798 908 3862 vestre
931 3789 971 3862 de
994 3787 1064 3883 ipse
1087 3811 1187 3861 nuces
1209 3789 1297 3862 etde
1313 3790 1399 3885 ipsus
1413 3789 1491 3862 alias
1507 3791 1666 3863 fruotores
1690 3801 1724 3862 et
1747 3790 1815 3884 ipse
1837 3790 1921 3884 parti
1944 3797 2050 3892 vestre
2073 3791 2114 3862 de
2136 3791 2219 3884 ipsas

802 3917 904 3990 melas
925 3935 984 3988 vos
1008 3927 1042 3986 et
1065 3919 1202 4010 posteris
1234 3917 1350 3990 vestris
1381 3917 1477 3990 vobis
1508 3917 1578 3988 illes
1610 3919 1727 3992 exinde
1758 3917 1884 3991 turbere
1907 3917 2068 3990 debentis:
2094 3929 2129 3989 et
2150 3918 2233 4010 ipsa·

802 4037 950 4135 pisobina
973 4049 1006 4110 et
1028 4061 1132 4113 unum
1157 4063 1200 4113 ex
1224 4041 1291 4136 ipsa
1314 4039 1477 4136 pulmenta
1501 4040 1592 4112 omni
1615 4049 1759 4136 tempore
1782 4065 1859 4116 oum
1882 4041 2100 4115 subretorium
2122 4061 2218 4112 suum

801 4191 865 4262 ego
888 4178 922 4241 et
944 4168 1026 4240 meis
1049 4167 1191 4263 propriis
1214 4167 1387 4240 heredibus
1410 4167 1559 4240 moene
1582 4167 1756 4242 debeamus
1784 4179 1816 4242 at
1838 4171 2064 4244 omni-nostro
2088 4191 2216 4263 expen-

801 4291 877 4364 dio:
904 4297 984 4366 dum
1008 4297 1116 4389 ipsum
1148 4292 1302 4368 fundum:
1329 4295 1531 4369 tenuerimus
1556 4307 1588 4370 et
1612 4299 1680 4392 ipsa
1702 4297 1848 4394 pisobinu
1871 4299 2025 4377 mundare
2047 4297 2221 4372 demamus

800 4423 995 4517 quandoque
1017 4443 1186 4498 necessum
1209 4422 1332 4497 fueris:
1358 4433 1390 4495 et
1413 4426 1522 4522 ipsum
1546 4427 1748 4520 pulmentum
1772 4426 1945 4523 eobopaire
1968 4427 2142 4500 debeamrrs
2155 4451 2168 4496 a.
2188 4435 2223 4500 et

708 4573 712 4580 ·
799 4551 884 4645 ipses
918 4573 1018 4648 aquas
1052 4553 1092 4625 de
1122 4552 1191 4648 ipsa
1224 4551 1369 4647 pisebina
1400 4554 1438 4625 in
1466 4577 1540 4625 mea
1570 4555 1612 4624 sit
1640 4563 1816 4649 potestate:
1844 4565 1877 4629 et
1900 4557 1936 4630 iu
1963 4556 2033 4650 ipse
2052 4553 2116 4626 ube
2146 4553 2222 4626 inde

800 4671 923 4748 ibidem
945 4699 1066 4772 ponem
1083 4675 1257 4754 debeamus
1272 4689 1407 4775 quantos
1428 4677 1548 4750 ibidem
1562 4700 1730 4755 necessum
1746 4683 1865 4754 fueris:
1892 4681 2037 4754 etiamst
2056 4679 2224 4751 direntium

801 4805 834 4863 et
856 4807 1009 4888 potestate
1032 4801 1127 4876 abeas
1162 4823 1276 4904 omnes
1311 4802 1516 4898 portionariis
1548 4803 1663 4877 vestris
1691 4806 1751 4901 qni
1779 4805 1857 4901 ipsis
1885 4806 1957 4878 aliis
1985 4806 2080 4880 terris
2107 4803 2223 4880 vestris
2244 4827 2266 4842 ·

800 4909 925 4991 lauerat
948 4921 989 4994 de
1011 4937 1190 5005 memorato
1221 4927 1295 5001 loeo
1320 4935 1489 5021 paternum
1513 4949 1612 5032 aquas
1635 4925 1747 5002 tollere
1769 4939 1805 5003 et
1813 4930 1933 5003 aurire
1956 4952 2016 5026 per
2045 4927 2223 5004 vindemias
