4888 6528
1360 531 1575 629 r‹1⁴⁴›

783 693 1038 786 sempiternum:
1064 693 1209 783 [Insuper
1242 695 1280 760 tu
1311 685 1471 758 dimittere
1503 679 1644 754 debeatis
1668 681 1704 752 in
1728 688 1907 754 memorata
1931 683 2067 756 ecclesie
2102 695 2211 758 nostra

784 831 893 894 sancte
918 817 1106 896 beumfimie
1130 826 1164 887 at
1187 815 1314 887 obitum
1338 821 1434 885 tuum
1456 809 1540 881 idest
1564 829 1667 881 uuum
1692 810 1930 884 antelauerium
1954 813 1996 884 de
2011 823 2107 887 noete
2130 839 2213 888 nea·

675 1005 678 1011 .
784 951 1034 1046 politauiscum:
1068 955 1100 1017 et
1130 947 1361 1041 quodcumque
1385 951 1417 1012 et
1441 940 1675 1014 ceucciaudum
1699 940 1829 1014 abueris
1855 935 1923 1038 ipsi
1940 946 2073 1017 ecclesia
2097 955 2155 1018 aut
2179 947 2215 1018 iu

701 1083 716 1108 “
787 1073 882 1146 cellas
906 1071 1008 1164 ipsius
1037 1077 1072 1140 tu
1095 1066 1332 1140 illuteoueiare
1347 1063 1489 1136 debeatis
1504 1075 1537 1136 at
1552 1067 1644 1136 omni
1660 1073 1719 1136 tuo
1735 1067 1911 1161 expendio:
1929 1067 2061 1164 Insuper
2077 1072 2218 1166 atsigue·

785 1195 891 1266 bimus
916 1212 976 1262 uos
998 1189 1058 1260 tibi
1081 1189 1181 1260 modo
1206 1214 1225 1258 a
1248 1188 1301 1258 die
1323 1187 1479 1280 presentis
1503 1187 1585 1260 idest
1601 1186 1750 1259 mobilias
1774 1191 1815 1260 de
1835 1203 2014 1262 memorata
2028 1194 2163 1266 eeclesia
2186 1199 2222 1269 in

785 1321 898 1417 primis
920 1319 984 1392 uun
1006 1317 1133 1412 planeta
1156 1315 1242 1388 lineo
1264 1338 1341 1388 eum
1365 1315 1513 1388 orarium
1529 1324 1562 1386 et
1576 1315 1801 1410 corporalem:
1826 1327 1861 1387 et
1883 1317 1983 1390 calice
1999 1331 2148 1394 sanctum
2171 1323 2211 1394 de

784 1459 935 1542 stagnum
957 1467 1055 1538 super
1079 1443 1312 1536 inargiutetum
1335 1463 1413 1512 cum
1435 1439 1545 1534 patina
1561 1462 1621 1513 sua
1634 1439 1676 1512 de
1689 1450 1857 1536 stagnum:
1882 1453 1915 1513 et
1939 1465 2043 1516 unum
2069 1467 2210 1539 pannum

786 1571 875 1668 quod
899 1579 948 1642 est
971 1568 1140 1640 obsecium
1164 1588 1241 1639 cum
1255 1587 1321 1636 uua
1336 1564 1470 1638 sindone
1485 1563 1617 1636 insimul
1631 1565 1743 1636 ambos
1759 1566 1897 1661 desuper
1912 1568 2033 1639 altare:
2062 1577 2095 1641 et
2111 1593 2209 1643 uuum

785 1697 1024 1792 laeiestergium
1047 1685 1209 1768 stellatum
1233 1695 1438 1788 plumatum:
1462 1705 1495 1765 et
1517 1693 1707 1766 turabulum
1731 1692 1771 1764 (le
1787 1717 1878 1766 rame
1899 1718 1977 1770 oum
1999 1697 2080 1768 (lues
2097 1721 2208 1770 eruces

786 1849 852 1899 una
875 1823 991 1900 exinde
1014 1825 1139 1896 lerrea:
1164 1833 1196 1894 et
1218 1821 1282 1892 elin
1304 1821 1424 1894 beree:
1452 1831 1485 1893 et
1506 1845 1569 1894 uua
1593 1821 1756 1892 coronella
1778 1823 1819 1894 de
1843 1845 1953 1895 rame:
1980 1828 2148 1919 queterui'
2165 1827 2220 1900 uui

787 1960 827 2030 de
851 1956 1020 2028 festivitate
1042 1960 1220 2026 memorate
1253 1948 1388 2022 ecclesie
1412 1961 1520 2021 sancte
1554 1948 1761 2022 beumtimie:
1794 1960 1826 2020 et
1858 1973 1926 2021 unu
1963 1961 2124 2044 qualemn
2158 1955 2214 2046 pi-

787 2081 878 2152 ctulu
902 2080 943 2152 (le
963 2079 1064 2152 sancti
1086 2076 1242 2150 eerbcsii:
1268 2076 1353 2148 liber
1376 2075 1493 2146 comite
1517 2073 1698 2170 plenarium
1723 2073 1915 2148 franciscum
1937 2076 2095 2168 scriptum
2114 2104 2122 2146 :
2149 2099 2210 2150 se-

788 2207 904 2278 rulelle
932 2205 1052 2300 pietula
1082 2204 1147 2276 hab
1182 2227 1266 2300 equa
1297 2203 1517 2276 smofifiou:
1553 2211 1590 2274 ut
1613 2201 1674 2274 bec
1707 2203 1854 2276 omuibus
1895 2205 2080 2276 memoratis
2124 2175 2208 2276 salbi

788 2355 886 2404 exerc
917 2329 1058 2402 debeatis
1090 2329 1126 2402 in
1153 2336 1331 2402 memorata
1365 2325 1527 2398 ecclesia:
1562 2329 1785 2400 tantummodo
1814 2328 1929 2399 bomui
1965 2351 2071 2401 annue
2112 2332 2209 2402 nobis

791 2459 992 2554 posterisque
1017 2459 1135 2530 nostris
1160 2465 1197 2528 tu
1222 2456 1328 2528 euntis
1349 2454 1464 2528 diebus
1488 2456 1555 2528 vite
1581 2466 1635 2529 tue
1661 2459 1799 2552 dirigere
1816 2457 1956 2530 debeatis
1978 2460 2041 2530 dua
2066 2460 2156 2553 paria
2171 2462 2210 2534 de

792 2585 899 2656 oblate
921 2606 991 2656 unu
1013 2583 1143 2678 parium
1167 2582 1203 2652 in
1225 2582 1393 2656 natibitate
1418 2583 1565 2656 domini:
1593 2594 1626 2655 et
1646 2583 1746 2654 alium
1772 2581 1902 2678 parium
1924 2584 1959 2653 in
1981 2593 2127 2656 sunctum
2149 2607 2223 2679 pa·.

793 2709 890 2783 sebe:
919 2719 953 2782 et
977 2709 1113 2782 minime
1137 2709 1389 2803 presummimus
1413 2731 1472 2780 nos
1496 2721 1529 2780 et
1552 2709 1687 2803 posteris
1715 2709 1834 2780 nostris
1864 2719 1896 2779 te
1920 2709 1999 2782 loris
2025 2711 2128 2782 eicere
2155 2721 2211 2784 eut

792 2849 823 2910 te
847 2836 965 2910 exinde
990 2837 1108 2908 iactare
1132 2847 1188 2908 eut
1211 2836 1355 2932 quelibet
1377 2835 1575 2908 sacerdotem
1598 2834 1651 2906 vel
1676 2835 1831 2908 clericum
1853 2845 1910 2906 aut
1933 2834 2126 2909 monachum
2156 2837 2210 2910 vel

791 2962 854 3034 alie
869 2961 984 3057 quabis
1006 2983 1158 3057 personas
1177 2983 1276 3055 super
1291 2971 1323 3032 te
1338 2957 1458 3032 ibidem
1474 2981 1594 3054 ponere
1611 2981 1670 3052 per
1683 2959 1809 3032 nullum
1824 2960 1957 3032 modum
1970 2961 2074 3031 contis
2091 2959 2206 3032 diebus

794 3089 862 3162 vite
883 3100 963 3162 tue:
990 3099 1064 3184 post
1090 3113 1171 3164 vero
1197 3100 1293 3162 tuum
1315 3087 1485 3160 transitum
1506 3096 1583 3160 tuuc
1606 3097 1783 3160 memorata
1796 3087 2064 3182 integraeoclesia
2085 3101 2118 3162 et
2131 3111 2210 3160 cum

795 3221 905 3294 omnia
928 3244 993 3318 que
1016 3221 1075 3292 tibi
1097 3220 1326 3315 nteiguabims
1351 3227 1483 3290 etcum
1508 3217 1616 3312 ipsum
1640 3218 1874 3290 antelauerium
1904 3219 1940 3290 iu
1963 3227 2074 3290 nostra
2100 3227 2210 3313 poste-

793 3351 908 3446 risque
927 3350 1046 3426 nocuis
1069 3360 1102 3422 et
1125 3351 1166 3422 le
1187 3359 1364 3422 memorata
1389 3347 1524 3420 eeclesia
1552 3347 1757 3420 rebertantur
1778 3357 1810 3417 et
1835 3347 1899 3418 siut
1923 3359 2078 3442 potestate
2103 3359 2136 3418 et
2157 3349 2209 3418 cui

793 3473 871 3544 bees
899 3473 1017 3566 largire
1038 3461 1242 3546 boluerimus
1264 3483 1373 3544 nostre
1398 3472 1462 3544 unt
1485 3472 1669 3568 potestatis:
1703 3473 1787 3556 Quia
1811 3473 1855 3542 ita
1879 3473 1972 3543 uobis
2003 3474 2144 3566 placuit:
2176 3473 2210 3543 Si

793 3606 903 3667 autem
927 3618 987 3668 nos
1013 3597 1068 3668 vel
1095 3598 1233 3689 posteris
1256 3597 1374 3668 nostris
1398 3597 1490 3669 aliter
1516 3599 1687 3671 fecerimus
1715 3600 1755 3671 de
1789 3599 1816 3669 is
1844 3599 1993 3670 omuibus
2024 3599 2207 3670 memoratis

791 3731 830 3792 ut
854 3745 952 3818 super
977 3723 1097 3818 legitur
1118 3747 1178 3819 per
1200 3723 1318 3820 quobis
1341 3726 1477 3800 modum
1502 3736 1558 3798 aut
1581 3728 1758 3802 summissis
1787 3729 1931 3822 personis
1959 3736 2037 3799 tune
2071 3749 2212 3822 compo·

790 3849 900 3920 nimus
932 3848 991 3922 tibi
1020 3850 1125 3922 cuntis
1150 3849 1264 3922 (liebus
1289 3851 1356 3923 vite
1380 3861 1435 3924 tue
1460 3853 1531 3923 euri
1555 3851 1682 3926 solidos
1700 3852 1817 3948 viginti
1844 3851 2070 3947 bytbiantcos:
2105 3861 2138 3922 et
2174 3873 2209 3920 ec

790 3969 934 4042 chartula
958 3981 996 4043 ut
1023 3985 1119 4068 super
1145 3973 1268 4068 legitur
1282 3974 1325 4046 sit
1339 3973 1432 4046 firma
1446 3975 1565 4069 scripta
1580 3997 1639 4068 per
1662 3997 1795 4048 manum
1811 3976 1955 4070 gregorii
1971 3974 2102 4046 curialis
2127 3973 2211 4046 scri·

790 4101 866 4174 bere
892 4111 1026 4196 rogatu
1050 4126 1108 4198 per
1134 4103 1311 4176 indictione
1338 4115 1516 4177 memorata
1542 4103 1713 4201 quertn†

885 4230 1134 4326 Ῠποίνκρατιος
1158 4255 1327 4324 υγουμενος
1351 4233 1529 4329 ὑπέγραψα
1554 4237 1585 4326 †

885 4357 916 4452 †
940 4364 1123 4454 λαυρεντιος
1145 4381 1314 4456 πρισυιτερ
1337 4386 1393 4430 και
1417 4380 1555 4452 prosaycas
1579 4368 1755 4456 υπεγραψα
1780 4371 1810 4453 †

884 4481 1053 4578 ψπετρος
1077 4489 1273 4576 nummos
1296 4511 1469 4587 πρεσυιτηρ
1494 4479 1557 4558 καί
1574 4497 1710 4567 seruos
1736 4486 1956 4578 υπεγραψΰῒ

884 4609 916 4706 †
939 4617 992 4684 lo
1015 4615 1079 4680 111>
1102 4617 1422 4692 olomucensem
1445 4609 1476 4704 †

883 4739 999 4834 †ego
1022 4744 1148 4838 sergius
1172 4739 1257 4812 filius
1277 4739 1400 4813 domiui
1421 4737 1506 4830 petri
1526 4737 1613 4808 testis
1636 4737 1809 4830 subscripsi
1835 4735 1865 4830 †

883 4865 914 4958 †
937 4867 1009 4960 Ego
1031 4869 1156 4962 sergius
1176 4866 1352 4940 tabularius
1371 4863 1460 4935 testis
1482 4859 1656 4957 subscripsi
1673 4865 1704 4964 †

1402 4991 1649 5038 mu·-
