4888 6528
866 682 880 777 (
908 697 971 761 199
997 690 1010 786 )

309 823 362 928 -†'
375 835 447 931 ligo
468 834 621 910 iohannes
644 837 779 914 Coriolis
792 866 810 914 ε.
828 845 916 917 testis
937 847 1109 946 subscripsi
1131 856 1164 948 .†
1391 912 1399 918 -

322 959 438 1056 ssego
462 963 637 1039 theodorus
659 969 746 1042 tilius
769 969 893 1046 domini
917 973 1065 1050 iohannis
1089 983 1162 1054 testi
1186 982 1361 1078 subscripsi
1385 985 1416 1078 †

320 1085 351 1179 †
375 1109 437 1181 ego
462 1090 617 1165 iohannes
640 1091 728 1164 filins
750 1092 875 1166 domiui
898 1099 1015 1170 stoloni
1038 1103 1112 1174 testi
1135 1105 1309 1200 subscripsi
1333 1104 1365 1201 †

269 1214 350 1412 dl†
372 1218 460 1437 ΕΒ.)Ῠ
478 1212 617 1316 sergius
637 1221 809 1318 primarius
840 1223 1008 1325 complevi
1031 1241 1064 1302 ot
1087 1231 1211 1308 absolvi
1236 1259 1295 1330 per
1318 1249 1494 1314 memorata
1518 1243 1644 1336 quintu.

233 1341 266 1410 in
292 1339 406 1416 'ctione

706 1799 710 1802 -
827 1741 1039 1816 CCCXXXV.

319 1960 408 2054 †ln
431 1965 563 2037 nomine
586 1956 710 2041 domini
733 1969 784 2042 dei
807 1971 974 2044 salvatoris
997 1971 1099 2046 nostri
1122 1969 1217 2046 lhesu
1240 1971 1383 2048 Christi:
1408 1986 1480 2072 post
1516 1980 1641 2055 delum
1734 1981 1796 2052 lto.

220 2087 374 2159 ctionem]
398 2089 533 2162 domino
562 2101 673 2184 nostro
704 2096 922 2170 oonstantino.
937 2117 1057 2188 magno
1080 2094 1275 2189 imperatore
1299 2120 1384 2171 enno
1409 2105 1552 2180 seeundo
1583 2105 1637 2177 die
1715 2118 1829 2179 1027..

222 2215 337 2305 qrrinte
361 2218 479 2290 mensis
503 2221 630 2314 angusti
654 2220 828 2296 indictione
851 2224 974 2298 decimo
996 2223 1150 2320 neapoli:
1175 2216 1378 2303 Certnm'est
1400 2251 1460 2302 nos
1485 2229 1638 2304 iohannes
1766 2243 1768 2248 '

221 2339 335 2412 nmilis
358 2343 546 2436 presbytero
570 2365 669 2434 greco
692 2355 725 2414 et
746 2345 908 2416 monacho
931 2349 1129 2440 dispensator
1152 2360 1185 2421 et
1207 2361 1315 2422 rector
1338 2352 1526 2426 monosterii
1558 2377 1638 2428 sen·

219 2475 354 2536 olorum
376 2465 484 2558 sergii-
498 2475 532 2534 et
553 2465 670 2538 vachis
695 2467 752 2560 qui
777 2489 864 2538 nuno
887 2479 1101 2560 congregatus
1116 2478 1164 2542 est
1179 2471 1214 2540 in
1236 2477 1430 2546 memorio
1453 2487 1641 2554 sanctorum

220 2586 374 2658 theodori
397 2595 431 2657 et
453 2587 623 2659 sevnstieni
647 2587 705 2685 qui
727 2588 903 2683 appellntnr
936 2589 1094 2682 compicto
1125 2588 1224 2662 sitnm
1247 2594 1283 2664 in
1306 2581 1536 2667 lsiridisrium:
1573 2620 1639 2670 nno

218 2735 299 2786 oum
323 2723 419 2784 eunte
443 2723 551 2786 senotr
574 2723 608 2784 et
631 2713 806 2786 venerabili
829 2727 938 2788 nosne
957 2714 1241 2810 oongregelionem
1263 2719 1496 2794 momolnomm
1512 2743 1638 2796 memo-

216 2843 284 2914 rati
308 2843 410 2916 saneti
434 2854 467 2916 et
489 2843 682 2916 venerahilis
704 2845 823 2916 nostris
845 2845 1031 2918 monasterii
1054 2844 1254 2946 presentibus
1275 2855 1309 2916 et
1330 2846 1448 2924 imonis
1462 2871 1477 2916 r.
1495 2847 1527 2920 A
1554 2869 1637 2942 pres
1756 2887 1760 2894 ·

216 2968 302 3041 senti
325 2970 378 3042 die
401 2967 617 3064 promtissmn
653 2971 863 3043 volumtatem
886 2969 1105 3064 pmmittinms
1128 2969 1222 3042 rolris
1244 2979 1337 3065 petro
1359 2971 1420 3066 qni
1451 2970 1636 3044 nominetur

214 3093 358 3163 tractem
380 3091 457 3164 filio.
473 3094 639 3186 qnondam
660 3091 747 3167 idem
770 3091 878 3186 petri:
899 3092 960 3164 tibi
981 3102 1091 3166 eutem
1113 3113 1175 3185 pro
1199 3091 1272 3164 viee
1295 3102 1351 3165 tun
1374 3101 1408 3168 et
1432 3115 1494 3188 pro
1529 3095 1636 3168 videm

213 3211 377 3308 stephano
399 3214 535 3286 [ramme
557 3212 686 3286 uterino
701 3235 859 3307 germmo.
870 3223 946 3286 tuo:
972 3234 1066 3286 seum
1088 3223 1121 3286 et
1143 3233 1204 3306 pro
1218 3212 1324 3285 vicem
1340 3221 1432 3308 petro
1448 3214 1558 3309 nepoo·
1578 3221 1636 3288 tuo

212 3339 287 3413 filio
310 3339 473 3435 qnondam
496 3339 584 3412 luein
606 3361 760 3436 genum
783 3349 860 3412 tue:
884 3349 918 3414 et
940 3339 1077 3415 iohanne
1101 3337 1168 3412 tilio
1191 3337 1355 3434 qnondsm
1377 3338 1462 3434 petri
1486 3339 1527 3412 de
1542 3339 1636 3412 divi-

209 3462 320 3534 tiam:
343 3462 401 3558 qui
428 3461 533 3534 finistis
555 3465 597 3534 do
620 3464 694 3536 loeo
717 3465 776 3557 qni
798 3463 984 3538 nominetur
1007 3463 1154 3538 lollotsni
1180 3445 1214 3536 'et
1236 3473 1276 3536 tn
1297 3463 1398 3538 modo
1420 3461 1543 3536 abitare
1575 3463 1633 3536 vi-

210 3588 305 3660 deris
327 3587 413 3660 intus
434 3586 495 3658 iste
518 3585 646 3660 civitate
670 3588 831 3681 neopolis:
856 3597 989 3681 propter
1011 3589 1173 3680 integrum
1195 3585 1357 3664 molinum
1378 3595 1525 3658 noenum
1553 3585 1636 3658 iuris

208 3709 386 3784 memorati
409 3709 509 3782 nostri
531 3711 717 3782 monasterii
741 3709 799 3804 qui
823 3709 923 3782 modo
946 3716 995 3778 est
1017 3707 1210 3780 domnolum
1233 3707 1374 3801 positum
1391 3707 1428 3780 in
1455 3715 1635 3780 memorato

63 3839 69 3852 ‘
207 3837 293 3908 looo
325 3833 499 3908 tolosani:
536 3857 617 3930 ques
649 3834 741 3906 volis
764 3834 915 3908 dedimus
934 3843 968 3904 et
990 3831 1204 3906 poeniendum
1227 3840 1262 3902 et
1283 3841 1316 3904 at
1338 3831 1568 3914 detinendum
1599 3832 1636 3904 in
1724 3859 1728 3862 ·

207 3987 256 4034 eo
282 3961 372 4032 enim
393 3951 504 4034 tenore
518 3971 675 4056 quotenus
698 3983 756 4030 vos
773 3973 806 4031 et
820 3959 992 4032 heredibus
1015 3959 1186 4034 sestrisda
1201 3957 1255 4029 die
1279 3958 1435 4050 presentis
1456 3957 1552 4031 illum
1580 3964 1635 4030 nt·-

205 4091 393 4189 praendere
416 4091 555 4164 debsefls
567 4102 601 4160 et
614 4089 827 4160 condendum
841 4093 874 4158 et
891 4087 1023 4156 fossatos
1038 4083 1108 4154 eins
1123 4081 1350 4159 mondolio
1365 4081 1493 4156 levandi
1509 4090 1542 4154 st
1554 4101 1635 4156 oon·

206 4217 324 4292 ciendi
346 4217 513 4312 quomodo
543 4215 718 4286 moueris:
757 4223 791 4281 et
818 4209 911 4282 vobis
934 4205 1009 4282 illut
1033 4207 1180 4290 dedimm
1202 4227 1268 4279 une
1289 4227 1366 4278 enm
1388 4205 1481 4301 equis
1503 4205 1571 4280 suis
1600 4215 1634 4280 et

206 4363 365 4416 cursores
388 4362 462 4414 suns
485 4350 520 4411 et
540 4360 617 4410 oum
640 4348 725 4408 terra
749 4358 808 4406 sna
831 4357 874 4408 ex
888 4335 1001 4430 ipsum
1019 4334 1178 4409 molinum
1196 4331 1391 4431 perempte
1407 4341 1532 4412 eleum
1546 4341 1632 4406 terra

204 4471 261 4544 ibi
287 4469 396 4560 ipsum
420 4467 477 4540 ulsi
501 4463 620 4538 doris
643 4464 733 4542 illum
750 4471 859 4534 ortrnn
875 4459 970 4534 sicuti
985 4460 1147 4536 abuerunt
1161 4460 1218 4532 alii
1235 4459 1445 4535 molinntoree
1466 4459 1631 4554 qnientee

206 4599 315 4670 illum
342 4605 514 4670 tennerunt
537 4605 571 4668 et
592 4566 699 4680 nosos
714 4599 894 4662 memorato
908 4597 1020 4662 nostm
1038 4588 1236 4660 monasterio.
1254 4586 1347 4668 rolris
1359 4587 1441 4662 dere
1458 4585 1631 4660 mmmm

204 4723 313 4796 illum
337 4721 424 4792 celse
446 4728 604 4816 qnantum
626 4719 675 4790 ilri
697 4737 862 4790 necessum
884 4715 985 4790 ineris
1006 4713 1311 4810 prosternendum
1333 4711 1443 4808 ipsum
1471 4709 1630 4784 molinum

64 4893 68 4900 ·
204 4847 515 4922 simonior-oris:
550 4857 582 4919 et
614 4845 706 4918 lllrnn
729 4842 856 4916 lrolsnm
878 4841 989 4919 nnslsm
1012 4851 1122 4936 peries
1141 4840 1266 4916 nutrire
1287 4839 1482 4936 etpsrgisre
1505 4839 1628 4916 deben-

205 4995 302 5050 πων
320 4975 623 5066 ρεπωοάἰιιιιοπιε
650 4982 683 5044 et
704 4992 764 5044 nos
787 4969 879 5044 vobis
903 4971 979 5044 dere
1002 4969 1175 5044 debeam
1197 4987 1309 5042 omnes
1331 4969 1470 5041 terrores
1492 4977 1628 5064 quinos
