4888 6528
933 569 1077 666 (aar)

932 864 1080 940 COEXil.

227 1017 243 1058 0

377 1122 410 1218 †
432 1123 470 1194 ln
491 1124 623 1196 nornine
646 1117 771 1195 domini
794 1121 848 1195 dei
869 1121 1037 1194 salvatoris
1051 1125 1155 1196 nocui
1169 1121 1265 1197 lirecu
1279 1119 1416 1198 Christi:
1436 1125 1618 1221 imperante
1641 1127 1708 1202 do-
1805 1121 1867 1196 An.

284 1247 374 1320 nrino
398 1256 511 1320 nocuo
533 1247 648 1320 baside
670 1269 790 1342 nnagno
814 1247 1008 1341 imperatore
1031 1267 1117 1318 anno
1140 1249 1343 1344 sexagesimo
1370 1249 1427 1322 ned
1450 1257 1483 1323 et
1506 1250 1707 1322 constantino
1787 1255 1893 1321 1019.

263 1375 386 1464 'trater
400 1370 470 1442 einr
485 1391 604 1462 magno
618 1371 812 1462 imperatore
825 1390 915 1460 ¹arrrno
929 1369 1201 1464 quinquagesimo
1224 1369 1362 1464 septimo
1385 1367 1439 1442 die
1460 1369 1568 1465 primo
1591 1371 1710 1444 mensis

284 1497 413 1570 octobri
433 1495 606 1568 indictione
629 1493 893 1589 tertia''neapolia
919 1495 1053 1566 Certant
1067 1505 1116 1568 eat
1130 1517 1184 1568 me
1199 1497 1282 1568 neeri
1298 1495 1364 1568 lilia
1378 1495 1544 1592 qnondam
1559 1497 1709 1574 iohannis

284 1625 552 1720 souppulnnrruna
576 1635 609 1696 et
632 1621 797 1718 qnondam
824 1621 978 1716 eupraxia
1001 1621 1164 1717 iugalibus
1186 1639 1252 1695 nna
1276 1641 1355 1694 ouna
1377 1629 1573 1696 comensem
1589 1635 1624 1697 et
1639 1649 1707 1701 vo-
1785 1707 1795 1724 ,

285 1753 408 1826 lnnote
431 1752 565 1848 quidem
588 1751 705 1823 cerarii
728 1749 919 1822 subdiaconi
942 1749 1017 1820 onia
1040 1747 1195 1821 servienti
1218 1767 1280 1820 exe
1303 1747 1418 1822 videor
1438 1747 1649 1856 ibiutotibur
1664 1753 1706 1824 de

284 1878 415 1948 cabetro
439 1875 659 1972 putheolano:
694 1899 712 1944 a
746 1875 887 1969 presenti
910 1875 963 1947 die
985 1872 1204 1968 promtissima
1230 1871 1410 1946 adoneae
1432 1876 1588 1969 monento
1612 1879 1706 1952 robis

285 2005 421 2076 domino
444 1995 588 2097 pancrati
611 2001 789 2075 venuebili
813 2003 970 2096 igumeno
993 2001 1182 2074 monasterii
1204 2007 1391 2074 sanctorum
1414 2001 1514 2098 sergii
1538 2013 1571 2076 et
1594 2002 1703 2078 bacbii

283 2126 342 2221 qui
374 2147 462 2198 nunc
492 2135 711 2220 congregetur
734 2133 784 2198 att
806 2124 842 2196 in
865 2126 1063 2198 noraeorio
1094 2129 1281 2198 sanctornm
1304 2122 1455 2198 theodori
1477 2134 1512 2198 et
1533 2122 1705 2202 sebastiani

282 2253 342 2348 qui
365 2251 546 2350 appellatur
579 2255 738 2349 cacapicta
762 2254 860 2328 edum
885 2253 920 2324 in
943 2251 1149 2328 viridiarium
1173 2259 1207 2323 et
1229 2259 1262 2324 at
1284 2259 1383 2326 enata
1405 2259 1516 2325 uncte
1540 2263 1574 2326 et
1597 2273 1705 2328 vene-
1853 2292 1863 2304 =

284 2377 383 2448 rabili
393 2387 501 2450 vestra
516 2377 769 2474 congregatione
784 2375 1020 2452 nonachorum
1035 2377 1206 2450 menanti
1227 2375 1330 2450 sancti
1343 2384 1377 2450 et
1389 2371 1583 2451 venerabilia
1600 2380 1703 2452 vestri

284 2505 493 2578 monasterii:
529 2517 661 2600 propter
693 2507 818 2600 integra
849 2527 914 2577 una
946 2503 1032 2599 petia
1060 2505 1103 2576 de
1123 2513 1211 2575 terra
1233 2511 1341 2576 vestra
1364 2525 1430 2601 qne
1454 2517 1592 2576 tumtur
1624 2505 1705 2578 billa

198 2711 203 2722 ,
288 2630 410 2703 metica
434 2629 493 2726 qni
517 2639 564 2702 est
586 2649 716 2701 annm
739 2631 775 2702 in
797 2627 894 2704 lllunr
917 2635 1030 2700 monte
1052 2627 1142 2724 quod
1165 2635 1213 2700 est
1235 2623 1371 2723 plarmm
1387 2635 1420 2700 et
1436 2614 1574 2722 crepulis
1587 2628 1703 2722 positia

282 2758 317 2832 iu
340 2757 437 2830 terrie
459 2759 631 2832 memorati
653 2757 775 2830 oaberii
797 2755 983 2853 putheolani
1003 2775 1068 2830 una
1084 2775 1161 2828 cunr
1176 2753 1349 2828 moribrn
1367 2762 1402 2828 et
1416 2753 1589 2828 introitum
1604 2776 1702 2830 auum

284 2897 317 2958 et
340 2885 490 2960 omnibu
521 2887 590 2959 civi*
608 2885 843 2980 pertinentibus
870 2905 952 2980 quaa
974 2883 1010 2955 in
1032 2891 1214 2956 memorato
1236 2889 1346 2956 nancto
1368 2881 1700 2956 reaoonoreterto

282 3035 342 3106 per
365 3012 512 3086 chutula
535 3011 764 3083 oomutationis
787 3011 876 3083 dedit
898 3009 1062 3106 quondam
1086 3009 1216 3082 domina
1240 3010 1374 3082 drotum
1397 3009 1538 3105 gloriosa
1564 3007 1701 3082 annuit

283 3137 349 3210 lilia
372 3141 537 3232 quondam
558 3157 645 3208 vona
674 3136 908 3210 recordationis
939 3136 1064 3208 domini
1095 3133 1231 3208 iohanni
1253 3134 1390 3231 gloriosi
1413 3133 1541 3207 contuli
1564 3143 1600 3204 et
1622 3131 1703 3206 duci

284 3287 361 3338 oum
385 3265 563 3338 volumtate
586 3267 710 3338 domini
732 3267 801 3338 urei
824 3263 888 3340 viri
911 3263 962 3366 cui
987 3262 1085 3335 etiam
1108 3273 1141 3336 et
1164 3285 1226 3358 ego
1249 3264 1319 3358 ipsa
1342 3271 1428 3336 terra
1442 3261 1538 3336 vobis
1553 3261 1701 3336 contrrvi

194 3459 199 3465 .
282 3397 442 3486 quatenus
464 3387 587 3461 ibidem
611 3388 708 3459 abere
733 3389 940 3462 medietatem
963 3396 997 3460 et
1018 3387 1204 3482 perexirnan
1227 3386 1341 3484 ibique
1363 3409 1461 3484 supra
1475 3409 1551 3460 oum
1576 3387 1700 3460 iudicet

281 3523 315 3586 et
339 3513 408 3606 ipsa
440 3512 585 3586 chartula
618 3511 846 3586 comntationis
870 3510 991 3584 ibidem
1013 3511 1160 3609 relegere
1183 3510 1320 3586 lecimus
1343 3521 1377 3583 et
1407 3510 1558 3582 ebulum
1582 3509 1702 3586 exinde

276 3644 366 3716 inter
380 3641 477 3714 nobie
488 3641 680 3714 intentione:
695 3651 729 3714 et
741 3651 814 3738 poet
826 3642 895 3736 ipra
910 3641 1124 3716 intentionem
1147 3641 1298 3714 benimue
1321 3642 1440 3718 exinde
1462 3641 1574 3714 ambae
1596 3645 1715 3736 potae·

133 3797 138 3808 ·
283 3763 319 3836 in
342 3763 622 3841 convenientiam
648 3771 681 3834 et
703 3763 773 3860 ipsa
796 3762 1069 3840 oombenientiann
1091 3763 1209 3839 dedisti
1231 3764 1316 3838 milri
1339 3765 1458 3840 exinde
1481 3765 1523 3838 de
1544 3764 1616 3838 anri
1639 3765 1703 3836 tari

288 3887 433 3985 quinque
457 3897 490 3962 et
512 3888 599 3984 apud
621 3909 675 3958 me
698 3887 763 3959 illis
786 3887 868 3958 abeo
891 3888 927 3959 in
949 3909 1025 3962 anea
1049 3897 1252 3984 potestaten:
1269 3886 1408 3960 faciendi
1423 3909 1466 3958 ex
1481 3885 1529 3958 eis
1543 3907 1609 3980 qne
1631 3909 1699 3959 vo·

280 4015 460 4089 luerintut:
487 4025 520 4086 et
542 4016 677 4088 coheret
698 4013 764 4087 aivi
786 4039 805 4086 a
828 4023 1007 4088 memorata
1029 4013 1155 4110 integra
1177 4012 1264 4109 petia
1287 4013 1329 4086 de
1350 4021 1528 4086 memorata
1544 4023 1631 4086 terra
1656 4015 1698 4088 de

281 4141 388 4214 tribue
410 4141 556 4236 partibus
580 4150 656 4213 aunt
678 4142 823 4236 seaprler
846 4143 1018 4215 memorati
1039 4142 1140 4216 veui
1162 4140 1371 4218 monsterii:
1399 4149 1433 4215 et
1455 4141 1496 4216 de
1519 4141 1583 4214 alia
1606 4151 1697 4236 parte

281 4279 330 4341 eat
352 4275 439 4342 terra
462 4289 528 4362 que
551 4267 672 4340 detinet
695 4287 774 4340 urso
806 4266 865 4360 qui
887 4271 1076 4344 nominatur
1097 4272 1268 4346 uriniano
1295 4272 1336 4344 de
1367 4275 1548 4342 memorato
1571 4266 1733 4349 obsum

280 4391 498 4488 putheolano:
521 4393 608 4466 unde
630 4391 796 4486 perbene
819 4388 963 4462 cunm
986 4394 1179 4486 repromitto
1202 4407 1236 4468 et
1258 4395 1386 4470 allitntn
1408 4394 1503 4468 robis
1526 4394 1605 4490 quia
1620 4393 1695 4464 nnl-
1719 4387 1736 4418 '¹

282 4517 410 4591 letenna
431 4535 619 4612 pretatmnto
644 4533 707 4609 ego
731 4521 788 4584 ant
810 4511 986 4586 heredibus
1001 4513 1084 4586 uteie
1098 4537 1158 4587 nec
1174 4515 1327 4592 mantus
1344 4517 1508 4590 licentiam
1522 4515 1697 4612 alienando

280 4647 591 4738 temperaverat
613 4635 751 4735 posteris
772 4637 889 4710 ventris
912 4637 966 4711 vel
989 4621 1170 4716 rnernorato
1194 4653 1306 4714 taneto
1330 4653 1364 4715 et
1386 4639 1564 4716 venerabili
1587 4649 1697 4714 vestro

280 4769 477 4844 monasterio
501 4789 640 4866 querere
663 4769 704 4840 de
726 4776 904 4842 memorata
926 4767 1052 4866 integra
1073 4769 1161 4864 petia
1175 4771 1215 4844 de
1231 4778 1411 4842 memorata
1425 4777 1512 4844 terre
1525 4769 1623 4843 sicuti
1638 4793 1698 4866 per

283 4905 475 4972 nonanus
497 4888 700 4970 wherendce
722 4891 870 4988 roperta
892 4891 1161 4992 uegregavinrue
1182 4913 1262 4968 curn
1276 4891 1431 4970 omnibnt
1448 4891 1512 4969 tiri
1526 4894 1699 4990 pertinen-
