4888 6528
887 551 1034 647 (sss)
1115 607 1117 612 .

241 709 305 780 rit:
342 717 377 780 et
398 729 472 781 non
498 709 620 782 abeatis
652 709 818 784 licentiam
845 731 905 781 ros
927 719 961 781 et
983 711 1120 804 poderis
1144 712 1259 784 reatos
1281 717 1315 782 et
1337 720 1517 788 memorato
1548 721 1667 786 vestro.

237 837 432 910 :aemerio
455 835 538 909 mihi
562 838 709 933 meisque
728 836 869 932 proprie
882 833 1055 910 heredibus
1070 837 1145 910 iiior
1160 838 1275 912 tubere
1290 861 1349 933 per
1375 839 1505 912 nnlhrm
1523 841 1655 912 modom

214 949 295 1032 ‘nee
320 983 377 1054 per
400 961 589 1036 summissas
619 983 793 1056 personas:
821 979 906 1034 eene
937 982 1001 1057 eqo
1023 969 1057 1032 et
1078 964 1220 1057 prepeiis
1246 963 1330 1034 meis
1355 962 1532 1048 heredibus
1564 964 1657 1042 vobis

239 1089 424 1184 vestrisque
448 1089 585 1183 posteris
609 1091 699 1164 omni
720 1113 829 1164 amne
850 1089 1035 1185 parpintee
1055 1095 1090 1162 et
1106 1090 1217 1162 omnis
1231 1097 1410 1164 nauata
1434 1088 1654 1184 mperes:

238 1219 272 1278 et
291 1229 355 1280 nee
379 1225 442 1303 eqo
466 1221 500 1282 et
522 1212 664 1306 propriis
686 1213 768 1286 meis
790 1211 972 1291 boetho.
987 1231 1055 1284 non
1077 1210 1232 1284 abemus
1252 1210 1418 1288 lineatae:
1440 1210 1522 1286 illud
1544 1213 1660 1288 cedere

237 1341 294 1402 eut
316 1331 457 1404 rendere
480 1334 534 1404 rel
556 1334 744 1408 inhduoiare
766 1343 824 1408 ¹eut
846 1335 1020 1430 subingere
1045 1331 1105 1406 -vel
1127 1335 1260 1408 offerire
1281 1343 1338 1407 ent
1360 1336 1395 1406 in
1422 1335 1541 1429 pignus
1571 1356 1657 1429 sup

239 1476 362 1548 ponere
387 1477 446 1548 per
468 1453 594 1528 nulium
609 1457 763 1529 nodum
786 1463 820 1528 et
833 1456 861 1528 ei
876 1456 994 1529 exinde
1008 1454 1244 1548 perdiderimus
1264 1457 1386 1553 ubsque
1399 1459 1491 1530 omni
1515 1458 1657 1530 colludio

236 1577 468 1670 ipsios'eestri
491 1580 679 1652 monasterii
702 1587 781 1652 tune
804 1575 846 1650 de
867 1577 975 1674 ipsum
998 1599 1131 1650 censum
1151 1580 1300 1650 minuare
1323 1601 1391 1650 non
1414 1579 1586 1652 &momen
1621 1588 1654 1650 at

234 1700 308 1794 ipso
331 1709 440 1774 restro
462 1702 680 1774 monasterio:
706 1711 754 1774 set
776 1701 818 1774 de
840 1703 927 1796 ipses
950 1701 1121 1776 senuneias
1145 1710 1268 1774 vestras
1289 1700 1332 1773 de
1353 1711 1570 1776 memoratum
1592 1705 1651 1774 in-
1763 1791 1768 1798 .

235 1834 367 1916 tegrorn
391 1821 528 1896 tondum
550 1831 583 1894 et
606 1825 649 1898 de
672 1823 757 1920 ipses
779 1823 950 1898 sexuncia:
972 1833 1097 1902 vestra:
1120 1821 1160 1894 de
1183 1821 1371 1896 memoratis
1391 1822 1488 1895 terris
1515 1847 1557 1896 ex
1580 1823 1661 1917 ipeo'

232 1949 336 2018 fundo
359 1948 556 2042 pertinentes
578 1950 633 2022 vel
655 1950 684 2022 si
706 1949 779 2044 plus
802 1949 901 2022 terris
920 1972 964 2024 ex
986 1949 1072 2044 ipsas
1094 1947 1264 2022 seruneies
1287 1947 1507 2022 invenerimus
1523 1947 1558 2020 in
1577 1971 1653 2022 me-

234 2082 364 2146 morato
388 2075 464 2148 loeo
486 2077 619 2152 savione
643 2101 685 2152 ex
716 2079 803 2173 ipsas
833 2079 1004 2151 renuncies
1027 2087 1152 2150 restrae
1174 2101 1219 2148 ex
1241 2077 1350 2171 ipsum
1373 2077 1510 2150 tondum
1541 2081 1654 2171 perti-

235 2205 347 2268 nentes
371 2219 435 2292 ego
460 2209 493 2270 et
515 2199 656 2294 propriis
679 2200 760 2272 meis
790 2197 965 2274 heredibus
994 2198 1112 2272 exinde
1134 2198 1233 2270 abere
1255 2198 1428 2272 debeamus
1459 2199 1649 2274 medietate:

231 2329 266 2388 et
291 2329 472 2394 memorato
494 2320 689 2416 iohaquinto
713 2321 853 2392 seurelio
876 2322 937 2414 qui
958 2321 1035 2395 iiiut
1056 2329 1092 2392 at
1112 2341 1246 2394 oensem
1268 2319 1389 2392 detinet
1415 2322 1456 2394 da
1470 2331 1650 2396 memorato

231 2442 344 2518 vestro
368 2448 564 2520 monasterio
587 2447 736 2522 similiter
758 2447 951 2521 medietate:
973 2449 1083 2520 dentes
1097 2469 1159 2540 ego
1174 2459 1207 2518 et
1222 2449 1361 2543 propriis
1376 2450 1457 2520 meis
1472 2449 1647 2522 heredibus

235 2573 328 2648 omni
353 2595 459 2646 annue
481 2584 699 2648 memoratum
707 2596 845 2700 pensum
860 2583 1010 2668 utsuper
1030 2571 1150 2666 legitur
1165 2595 1264 2668 qoam
1281 2583 1313 2644 et
1327 2582 1484 2668 quantum
1508 2583 1541 2644 et
1566 2576 1650 2668 ipsas

236 2702 409 2772 sexuneies
432 2709 555 2774 vestras
578 2704 618 2777 de
640 2710 856 2786 memoratum
879 2703 1045 2797 integrum
1062 2701 1199 2776 fundum
1213 2701 1353 2796 pertinet
1369 2700 1410 2772 de
1426 2700 1521 2784 illum
1540 2711 1651 2775 monte

226 2831 271 2902 de
294 2838 476 2902 memorate
498 2829 573 2904 loeo
595 2833 727 2906 seviana
750 2829 901 2909 similiter
923 2832 960 2905 io
983 2841 1090 2904 restra
1112 2831 1292 2926 vestrisque
1314 2829 1451 2926 posteris
1470 2837 1502 2902 et
1525 2830 1561 2904 in
1575 2853 1645 2904 me·

230 2964 360 3028 morato
392 2961 503 3028 vestro
533 2957 731 3030 monasterio
762 2956 837 3030 ilios
859 2955 1047 3032 reserbnstis
1068 2940 1280 3054 potestatem:
1307 2963 1340 3028 et
1363 2955 1557 3051 quandoque
1586 2977 1649 3050 ego

234 3089 269 3148 et
292 3079 433 3171 propriis
457 3078 538 3152 meis
561 3077 735 3152 heredibus
758 3078 851 3152 robis
874 3079 1054 3176 vestrisque
1076 3079 1214 3174 posteris
1229 3088 1262 3152 et
1277 3079 1313 3152 in
1328 3087 1509 3156 memorato
1536 3085 1648 3150 saneto

231 3213 345 3276 vestro
376 3206 572 3278 monesterio
603 3205 677 3278 illos
709 3207 934 3280 abrenuntiare
966 3207 1168 3282 voluerimus
1200 3208 1362 3280 licentiam
1393 3214 1426 3277 et
1455 3213 1648 3301 potestatem

231 3330 410 3401 abeamus:
437 3337 471 3401 et
492 3329 534 3401 de
555 3341 771 3406 memoratum
795 3332 932 3406 tentam
969 3332 1133 3406 licentiam
1172 3331 1324 3406 abeamus
1356 3339 1506 3404 exuetere
1541 3329 1653 3400 omnio

224 3477 325 3528 oense
347 3466 459 3530 nostre
481 3457 551 3530 sine
575 3459 665 3532 omni
689 3468 796 3532 vestra
818 3461 1063 3532 contrarietate:
1091 3468 1141 3532 set
1163 3467 1359 3552 memoratas
1391 3456 1561 3532 sexuneies
1594 3479 1649 3528 ve·

225 3589 311 3654 atres
333 3583 374 3654 de
398 3589 616 3656 momontum
640 3584 802 3678 integrum
826 3583 966 3660 fundum
996 3595 1031 3658 et
1053 3592 1248 3658 memoratas
1270 3584 1440 3655 sexuneies
1463 3591 1584 3654 vestras
1608 3581 1648 3652 de

199 3705 415 3799 ,memoratis
438 3703 533 3777 terris
554 3701 673 3778 exinde
695 3704 892 3799 pertinentes
911 3706 1055 3799 qualiter
1081 3709 1230 3798 superius
1253 3706 1374 3801 legitur
1399 3726 1460 3798 per
1491 3701 1650 3798 plurimos

223 3851 329 3900 annes
352 3829 425 3902 illut
447 3831 552 3906 tenuit
574 3841 607 3904 et
629 3831 808 3906 dominavit
837 3843 1017 3908 memorato
1043 3847 1153 3906 saneto
1176 3843 1285 3907 restro
1307 3833 1531 3928 monasterio:
1558 3838 1590 3900 et
1614 3829 1650 3897 in

221 3967 410 4029 memorato
433 3969 543 4032 vestro
565 3961 760 4035 monasterio
791 3961 926 4032 obbenit
954 3971 988 4035 et
1018 3961 1134 4036 oeeidit
1159 3983 1218 4056 per
1251 3960 1424 4056 legationes
1456 3955 1651 4050 dispositum

220 4083 392 4177 ‘11¹⁰ndtm
427 4083 551 4164 domiui
587 4087 707 4160 manni
744 4089 793 4160 du-
820 4095 910 4160 turre
945 4089 1005 4184 qui
1035 4087 1158 4162 ibidem
1189 4088 1270 4160 illud
1297 4086 1455 4160 offeruit:
1488 4083 1566 4180 quia
1606 4083 1652 4154 ita

219 4203 322 4275 nobis
345 4201 487 4298 placuit:
519 4208 548 4280 si
574 4217 683 4282 eutem
714 4206 807 4281 eiiter
829 4209 1001 4283 fecerimus
1032 4210 1074 4282 de
1102 4207 1155 4280 bis
1187 4208 1339 4285 omnbus
1369 4205 1556 4280 memoratis
1592 4227 1650 4300 per

220 4333 345 4427 quobis
374 4330 509 4404 modum
533 4341 589 4406 eut
611 4333 796 4408 summotas
827 4355 978 4426 personas
1013 4346 1091 4410 utne
1122 4336 1346 4432 componimus
1379 4333 1473 4406 vobis
1488 4345 1493 4364 ¹
1508 4331 1649 4406 vestris-

219 4483 293 4554 que
316 4459 452 4552 pesteris
475 4460 547 4532 aori
566 4460 692 4554 polidus
725 4461 898 4536 duodecim
933 4459 1140 4555 bythienteos
1169 4471 1204 4532 et
1227 4487 1265 4534 ec
1300 4461 1447 4535 chartula
1479 4465 1515 4530 nt
1551 4477 1650 4548 super

222 4578 351 4680 legitdr
374 4587 415 4658 sit
437 4587 530 4662 firma
554 4589 671 4686 eotpu
695 4612 753 4683 per
781 4609 895 4662 manus
929 4587 1029 4684 sergii
1065 4587 1214 4662 tabularii
1235 4611 1293 4684 per
1320 4591 1497 4660 memorata
1533 4591 1650 4677 quarte

225 4713 405 4788 indictione
428 4713 475 4812 †1
