4888 6528
895 569 1036 666 (nst)
1126 575 1127 578 ‘

365 747 489 842 †lign
511 740 680 840 stephanus
702 742 837 815 Curialis
861 743 949 812 testis
972 739 1142 833 subscripsi
1171 739 1202 833 †

361 869 486 963 †Ego
516 867 640 962 sergius
671 863 846 936 tabularius
868 861 1034 956 compteri
1056 870 1089 930 at
1125 859 1248 932 absolvi
1270 881 1329 956 per
1351 861 1527 933 memorata
1549 860 1663 928 octaba
1787 943 1790 950 Ι

238 1023 241 1035 “
265 981 438 1075 indictione
456 998 495 1092 ,†

885 1373 1081 1448 cosm

363 1630 451 1726 †ln
475 1633 613 1703 Nomine
637 1632 760 1704 domini
784 1632 836 1702 dei
860 1630 1025 1702 salvatoris
1050 1629 1151 1701 nostri
1175 1629 1271 1702 ihesu
1294 1630 1414 1703 Christi
1438 1634 1512 1722 post
1526 1629 1677 1716 hobitum
1777 1613 1839 1687 2¹¹·

149 1757 151 1762 ’
267 1755 459 1826 constantini
481 1775 600 1848 magno
622 1754 815 1847 imperatore
837 1765 923 1824 auno
946 1753 1052 1846 primo
1075 1753 1128 1822 die
1150 1759 1267 1846 quarta
1291 1751 1414 1821 decima
1430 1752 1549 1821 mensis
1565 1753 1680 1845 aprelis
1756 1751 1845 1812 ¹⁰2⁶
1858 1787 1873 1816 ι.

267 1879 441 1950 indictione
460 1904 545 1950 nona
568 1881 716 1974 neapoli:
741 1881 941 1974 Dispositum
964 1881 1083 1950 laetum
1102 1903 1127 1950 ‚a
1153 1903 1205 1949 me
1231 1881 1339 1973 sergio
1362 1879 1500 1949 naturali
1517 1879 1681 1974 quondam

266 2001 390 2070 domini
423 2004 565 2096 gregorii
597 2002 713 2074 interni
746 2001 884 2095 qualiter
908 2001 948 2070 de
980 2001 1085 2071 omnis
1109 2022 1181 2070 mea
1206 1999 1384 2072 hereditate
1408 2023 1465 2071 seu
1490 1999 1682 2073 substantias

267 2123 414 2196 deintus
438 2139 470 2196 et
494 2127 571 2196 toris
594 2125 725 2197 interius
757 2126 942 2198 indieabero
969 2127 1107 2198 firmum
1139 2134 1172 2196 et
1197 2123 1314 2211 stabile
1335 2135 1528 2218 permaneat
1556 2127 1681 2220 imper-

266 2257 411 2340 petuum:
429 2247 486 2342 qni
502 2247 570 2318 dixi
593 2247 727 2340 dispono
751 2248 895 2340 primum
917 2247 1088 2318 homnium
1112 2256 1150 2318 ut
1176 2249 1206 2319 si
1231 2245 1312 2320 mihi
1331 2269 1417 2318 mors
1436 2247 1581 2319 obenerit
1597 2273 1679 2320 ven·

192 2343 207 2356 *
265 2373 344 2442 dunt
366 2373 498 2466 quidem
521 2373 671 2442 dominns
693 2372 849 2441 iohannes
873 2373 1052 2464 gundatitio
1081 2373 1149 2442 tilio
1173 2375 1339 2466 quondam
1356 2376 1485 2446 domini
1501 2373 1678 2447 theofilacti

267 2498 446 2589 grmdatrtio
478 2505 510 2566 et
537 2497 668 2568 domino
700 2495 851 2588 pandollo
878 2496 946 2566 lilio
970 2499 1136 2591 quondam
1162 2496 1289 2568 domini
1316 2497 1455 2569 iohanni
1482 2502 1521 2576 de
1545 2499 1677 2570 domino

267 2619 407 2712 pandolfi
437 2618 500 2690 hoc
531 2631 579 2692 est
602 2618 860 2692 distributorihus
883 2620 988 2690 meis:
1025 2619 1109 2691 idest
1128 2619 1233 2690 xistum
1265 2617 1384 2688 lectum
1410 2640 1525 2689 meum
1565 2620 1683 2692 hordi-

269 2751 379 2814 natum
410 2744 444 2812 in
476 2767 541 2838 qua
573 2767 634 2839 ego
667 2745 798 2841 qniesoo
833 2768 909 2816 eum
944 2744 1077 2816 culcitra
1104 2753 1136 2815 et
1164 2743 1299 2840 capitale
1329 2765 1404 2815 cum
1439 2745 1573 2815 indonas
1601 2745 1683 2815 illo-

268 2897 342 2945 rum
366 2874 399 2943 in
424 2873 542 2944 ibidem
559 2873 600 2944 de
623 2875 721 2969 pinna
744 2882 776 2945 et
799 2896 875 2945 eum
899 2871 973 2942 lena
996 2874 1126 2977 caprina
1150 2881 1183 2942 et
1206 2895 1282 2968 eum
1305 2871 1459 2944 homnem
1488 2869 1683 2945 lectisternia

266 3021 327 3070 sua
350 3007 383 3071 et
404 3021 505 3070 unum
528 3000 647 3070 niseum
670 3021 780 3069 meum
804 2998 974 3092 scoplitum
997 3007 1030 3068 et
1043 2996 1136 3068 illum
1152 2995 1306 3067 bambone
1323 2993 1361 3065 dn
1378 3017 1487 3066 meum
1506 2995 1623 3066 bestire
1646 3007 1679 3068 et

268 3120 404 3192 hommes
428 3122 588 3214 argatillas
610 3133 643 3192 et
665 3125 804 3216 pectines
820 3123 859 3194 da
875 3123 930 3192 tile
946 3133 1050 3195 traere
1074 3123 1246 3195 masculini
1267 3133 1300 3192 et
1325 3124 1380 3193 eui
1404 3125 1479 3195 illos
1503 3125 1684 3198 vendideris

269 3253 401 3322 firmum
424 3260 456 3320 et
480 3250 592 3321 stabile
614 3261 798 3356 permaneat
821 3251 1057 3344 imperpetuum
1076 3262 1108 3320 et
1125 3251 1381 3346 pretiumquem
1404 3253 1520 3324 exinde
1534 3254 1684 3326 detuleris

271 3379 500 3450 distribuantur
522 3389 554 3450 et
574 3380 781 3471 perficiantur
812 3376 883 3449 illos
907 3401 968 3473 pro
992 3379 1098 3448 anima
1122 3401 1195 3448 mea
1219 3380 1253 3449 in
1277 3401 1317 3448 oe
1341 3381 1486 3450 ordine:
1512 3383 1546 3451 in
1571 3382 1691 3475 primis,

269 3503 439 3574 homnium
460 3525 521 3574 nna
545 3511 609 3572 tres
631 3501 691 3570 tari
716 3504 831 3574 exinde
856 3506 973 3574 dentur
996 3514 1028 3571 at
1052 3503 1185 3595 quidem
1213 3525 1299 3572 anna
1324 3513 1356 3574 et
1371 3507 1507 3576 marioln
1526 3531 1605 3600 quas
1621 3529 1682 3600 ego

268 3626 435 3728 procreabi
457 3625 493 3694 in
515 3625 645 3720 quidem
669 3625 772 3696 maria
794 3635 827 3696 et
850 3627 967 3696 drosn:
994 3637 1027 3696 et
1051 3625 1210 3696 dunstani
1228 3627 1346 3698 exinde
1370 3628 1486 3700 dentur
1501 3637 1533 3697 at
1548 3629 1679 3700 domino

270 3755 436 3826 benedicto
455 3753 644 3826 ·venerabili
675 3753 862 3849 presbytero
895 3751 1032 3846 spiritali
1062 3752 1147 3849 patri
1180 3777 1285 3825 meo:
1321 3765 1355 3826 et
1376 3757 1457 3828 duos
1480 3757 1541 3826 tari
1565 3756 1681 3828 exindo

268 3883 387 3954 dentur
408 3883 442 3952 in
464 3879 555 3950 illum
578 3879 736 3950 cilicium:
761 3899 864 3948 unum
887 3887 955 3950 tare
971 3903 1031 3973 pro
1048 3880 1147 3952 istum
1162 3902 1273 3954 meum
1289 3880 1479 3974 dispositum
1496 3894 1528 3952 nt
1553 3882 1680 3953 recolli-

271 4011 431 4108 gendum:
457 4019 489 4079 et
512 4009 597 4080 exiat
613 4007 728 4078 exinde
743 4006 799 4076 illa
814 4009 949 4099 septima
964 4015 996 4076 et
1011 4006 1164 4078 homnem
1181 4007 1355 4102 opsequias
1379 4013 1465 4080 meis
1480 4033 1540 4103 pro
1558 4033 1676 4104 eorpus

269 4161 379 4212 meum
403 4136 574 4230 sepeliendi
596 4133 735 4227 reliqum
758 4155 837 4203 vero
860 4133 1001 4226 pretium
1024 4134 1082 4227 qui
1100 4134 1217 4205 exinde
1232 4136 1452 4209 remanserit:
1478 4145 1554 4210 tune
1578 4139 1625 4209 sia
1642 4141 1676 4211 in
1732 4155 1736 4160 “

262 4272 458 4357 ‚potestatem
482 4259 521 4328 de
544 4257 727 4327 memoratis
749 4255 830 4324 meis
864 4255 1123 4328 distributorihus
1146 4258 1358 4331 distribuendi
1392 4261 1464 4333 illos
1486 4287 1547 4357 pro
1571 4265 1677 4336 anima

270 4413 343 4460 mea
366 4388 422 4460 ubi
445 4385 522 4478 ipsis
545 4383 659 4455 melius
681 4379 900 4474 prebiderinta
925 4389 958 4452 et
979 4383 1119 4477 reliquas
1150 4409 1229 4458 vero
1257 4385 1389 4460 homnos
1412 4389 1565 4461 mobilias
1588 4415 1675 4462 meas

270 4523 344 4608 post
366 4533 473 4581 meum
498 4507 621 4578 obitum
644 4506 685 4576 sit
708 4507 747 4575 de
770 4504 902 4598 quidem
925 4507 1027 4576 maria
1051 4509 1205 4599 genitrice
1229 4533 1301 4582 mea
1324 4512 1461 4584 faciendi
1484 4537 1548 4608 qne
1566 4516 1677 4588 volue-

270 4639 329 4708 rit:
354 4647 386 4706 et
409 4634 436 4704 si
458 4629 616 4702 bolumtns
641 4630 693 4702 dei
716 4629 785 4700 fieri
801 4639 832 4699 et
847 4653 908 4722 ego
924 4638 955 4698 at
972 4629 1200 4703 innuasterium
1218 4655 1393 4725 perrexero
1415 4661 1467 4710 me
1483 4639 1677 4710 monachum

271 4759 451 4830 ledendum
474 4757 568 4826 tanim
590 4777 643 4824 nae
667 4751 862 4822 monachum
886 4742 920 4821 in
943 4754 1136 4826 monasterio
1150 4758 1250 4828 saneti
1272 4758 1468 4830 sebastiani:
1493 4761 1679 4835 ethomme

271 4895 372 4954 terras
395 4904 482 4953 meas
505 4884 592 4954 huna
614 4901 690 4952 eum
712 4877 805 4952 illum
821 4879 956 4952 fundum
973 4901 1079 4950 meum
1097 4901 1161 4972 que
1178 4879 1258 4952 obeo
1274 4891 1307 4952 at
1323 4883 1475 4957 rnnlitum
1491 4885 1570 4958 toris
1586 4887 1680 4958 illum

419 5005 487 5079 tot.
509 5005 570 5074 tt.
1327 5013 1371 5078 24
