4940 6518
636 1202 742 1266 1003
800 1207 974 1306 gaumarii
995 1208 1079 1280 titius
1101 1203 1225 1277 domini
1247 1198 1418 1295 godmari
1409 1195 1585 1293 gloriosis
1598 1199 1799 1294 principibus
1813 1223 1923 1280 mensa
1937 1203 2101 1292 februario
2114 1209 2221 1302 prinae
2292 1288 2296 1302 ,

798 1321 1786 1423 indieueneligocortesetiliuscuidamselliclidolooo
1785 1376 2134 1402 ................
2160 1333 2221 1404 ubi

798 1455 1082 1534 dunilensi
1104 1453 1222 1529 tinibm
1244 1451 1339 1529 lauri.
1363 1451 1444 1526 dum
1468 1473 1662 1548 comeum
1671 1451 1773 1526 mirbi
1794 1453 1963 1532 tuitione
1986 1481 2128 1556 nmque
2159 1481 2220 1532 vo-

796 1585 918 1659 luntate
940 1603 999 1677 per
1011 1581 1096 1652 beno
1118 1601 1251 1677 quoque
1273 1578 1422 1654 videlicet
1443 1579 1622 1652 chartulam
1649 1581 1831 1656 venundedi
1852 1583 1914 1656 tibi
1928 1585 2054 1661 domiui
2070 1584 2218 1682 atesteni

798 1705 978 1781 venerabili
990 1703 1099 1776 abbati
1113 1702 1298 1775 monasterii
1312 1713 1421 1776 sancte
1437 1705 1538 1778 merie
1552 1729 1617 1800 que
1631 1706 1750 1780 dicibrr
1766 1707 1807 1804 de
1824 1707 1879 1782 ills
1892 1709 2045 1806 spdnnep
2057 1734 2124 1808 qim
2138 1712 2218 1786 fun.

798 1833 910 1928 delum
932 1850 1000 1903 esse
1022 1825 1150 1902 videtur
1165 1827 1199 1900 in
1215 1837 1326 1900 monte
1349 1826 1502 1902 vesubeo.
1519 1828 1602 1900 idest
1616 1830 1743 1902 duobtn
1758 1830 1853 1924 petiis
1867 1831 1911 1904 de
1924 1835 2121 1910 terrarcbus
2138 1857 2212 1907 mea

797 1958 903 2054 prime
926 1953 1009 2054 pulis
1032 1951 1090 2028 ubi
1113 1949 1231 2027 dicitu
1254 1953 1294 2026 ad
1316 1952 1687 2050 ipsa.....'..habente
1711 1956 1789 2028 fines
1812 1953 1852 2026 ab
1874 1956 2000 2030 oriente
2020 1959 2220 2054 tincdebe·⁸

797 2082 1092 2182 redibnsguisie
1123 2079 1259 2156 meridie
1291 2081 1664 2176 cstfiuisurouastarii
1698 2083 1798 2158 sancti
1827 2083 1952 2162 ioannis
1982 2086 2218 2168 rboeudmte

796 2236 939 2310 namque
962 2212 1035 2298 tinia
1048 2211 1092 2288 de
1106 2209 1277 2289 uranus
1297 2211 1446 2296 unewri.
1469 2213 1727 2308 eoeptemtriooe
1741 2235 1821 2288 vero
1844 2213 1909 2288 fine
1920 2215 2131 2312 superscripti
2152 2241 2216 2294 ve-.

795 2340 857 2414 stri
879 2337 1065 2422 mouastcfii
1096 2337 1277 2434 perime
1300 2361 1319 2410 a
1343 2336 1484 2433 quodem
1514 2337 1650 2412 arcebisi
1672 2338 1732 2412 lilii
1754 2335 1873 2412 sillicti.
1896 2341 2043 2416 Secunde
2074 2364 2214 2438 namque

794 2467 969 2562 petisque
992 2465 1110 2548 dicier
1132 2474 1166 2536 et
1187 2465 1302 2560 parole
1324 2467 1507 2541 mutineutc
1529 2465 1570 2539 ab
1593 2465 1731 2540 occiduo
1761 2467 1825 2547 fine
1858 2467 1923 2543 via.
1949 2493 1967 2539 e
1991 2465 2128 2543 meridie
2151 2469 2215 2542 bue

793 2593 963 2688 uucriptl
984 2593 1169 2671 mamurii
1192 2592 1370 2687 putinsate
1391 2619 1413 2666 a
1434 2592 1649 2690 snperuripto
1670 2593 1819 2671 nebu
1852 2593 1894 2672 ab
1928 2597 2054 2672 oriente
2079 2606 2127 2670 eu
2150 2598 2214 2672 tine

775 2719 950 2794 dominici
962 2719 1024 2804 ,lilii
1041 2720 1197 2800 dominici
1211 2743 1231 2790 a
1246 2721 1461 2817 septentrione
1480 2723 1542 2817 ptrue
1549 2769 1677 2794 ......
1706 2723 1805 2817 gangi
1826 2722 1888 2798 libii
1909 2722 2018 2798 bitini
2041 2725 2111 2798 Her
2134 2747 2213 2798 vero

794 2842 1008 2938 suprascripta
1030 2843 1127 2916 rebus
1150 2843 1288 2938 qualiter
1309 2867 1368 2938 per
1390 2845 1463 2918 linis
1485 2845 1663 2920 udicaturn
1685 2854 1734 2918 est
1752 2855 1858 2920 mlum
1881 2859 1916 2948 et
1947 2848 2109 2944 integrum
2135 2848 2209 2921 illut

795 2970 855 3042 tibi
878 2969 1001 3043 domini
1023 2971 1169 3065 stepbeni
1190 2970 1367 3045 venerabili
1390 2971 1496 3043 abbati
1519 2971 1712 3045 venundedi.
1735 2982 1768 3046 et
1785 2975 1825 3048 de
1841 2975 1982 3069 predicta
2005 2999 2074 3049 mee
2097 2977 2209 3048 uadi-

794 3102 878 3172 tioae
900 3121 960 3170 nec
982 3099 1063 3170 mibi
1086 3121 1146 3172 nec
1169 3100 1366 3194 cuicumque
1389 3099 1481 3172 elteri
1495 3099 1614 3172 nullam
1638 3101 1754 3173 exinde
1774 3101 1938 3174 resorbebi
1961 3103 2145 3176 babendum
2169 3153 2202 3174 ..

801 3275 952 3298 .......
973 3251 992 3298 a
1016 3225 1302 3323 legumberdorurn
1325 3227 1469 3322 partibus
1491 3227 1627 3300 deintus
1650 3227 1766 3299 exinde
1789 3251 1954 3302 remanere
1977 3230 2119 3324 quelibet
2133 3253 2211 3303 sor·

790 3355 877 3427 tione
901 3365 949 3428 aet
971 3379 1036 3427 une
1059 3377 1135 3426 cum
1158 3355 1291 3429 inferius
1313 3367 1347 3426 et
1369 3357 1516 3450 superins
1539 3366 1664 3428 etcum
1687 3357 1758 3427 vice
1781 3355 1821 3428 de
1845 3356 1906 3426 viis
1930 3368 1963 3426 et
1997 3357 2114 3429 anditis
2142 3359 2212 3430 suis

791 3501 867 3550 eum
890 3461 1039 3550 ornnibns
1062 3477 1129 3549 sois
1150 3479 1348 3574 pertinentiis
1356 3530 1483 3550 ......
1493 3495 1507 3549 ·.
1522 3530 1530 3548 .
1546 3531 1578 3548 ..
1600 3479 1675 3550 illut
1697 3479 1755 3550 tibi
1779 3479 1958 3551 venundedi
1980 3479 2163 3553 babendum
2178 3495 2210 3554 ct

777 3591 1027 3698 'possidendum
1051 3605 1136 3676 unde
1158 3627 1217 3698 per
1247 3603 1330 3701 banc
1358 3629 1430 3678 mea
1453 3603 1654 3677 venditione.
1670 3653 1680 3672 .
1694 3655 1702 3672 .
1718 3654 1726 3672 .
1741 3654 1750 3676 .
1765 3654 1774 3672 .
1789 3617 1820 3674 .’.
1850 3603 2070 3678 confirmanda
2099 3609 2209 3702 recepi

789 3730 906 3804 exinde
931 3757 949 3818 e
973 3741 1005 3802 te
1028 3734 1243 3828 suprascripto
1265 3735 1407 3830 pretium
1437 3731 1509 3804 anri
1540 3731 1602 3802 teri
1634 3731 1712 3803 boni
1743 3731 1986 3828 quatuordecim
2008 3733 2044 3804 in
2077 3757 2207 3806 omnem
2359 3819 2361 3822 ,

788 3855 1037 3933 deliberalonem
1059 3861 1142 3934 sicut
1163 3863 1249 3933 inter
1271 3861 1365 3932 nobis
1389 3859 1551 3932 combenit
1575 3859 1728 3952 finitaque
1760 3882 1832 3932 mea
1863 3859 2051 3932 venditione
2082 3861 2207 3956 integre

783 3988 996 4082 suprascripte
1020 4011 1089 4060 mee
1113 3989 1299 4062 venditione
1323 3989 1374 4060 vel
1398 3996 1435 4059 ut
1458 3983 1635 4079 prelegitur
1659 3983 1801 4055 habeatis
1825 3993 1857 4053 et
1880 3985 2067 4078 possideatis
2082 4001 2113 4058 et
2124 4010 2206 4080 poa-

784 4110 908 4184 rideutis
931 4125 964 4184 et
987 4116 1173 4209 possideatis
1197 4127 1233 4186 tu
1255 4113 1401 4207 predicto
1425 4109 1558 4184 domino
1581 4110 1737 4203 stephano
1760 4109 1934 4182 venerabili
1958 4111 2066 4184 abbati
2089 4118 2202 4212 auique

780 4243 975 4334 posteriores
982 4293 1106 4315 ......
1140 4267 1204 4339 que
1226 4240 1393 4333 prescripti
1417 4239 1515 4312 vestri
1544 4238 1731 4309 monasterii
1755 4237 1935 4310 laciendum
1960 4241 2075 4314 exinde
2091 4245 2202 4315 omnia

781 4370 870 4460 quod
876 4417 1097 4442 ..........
1118 4370 1189 4439 sine
1213 4365 1303 4437 omni
1327 4365 1550 4436 contrarietate
1580 4363 1635 4436 vel
1665 4365 1881 4458 requesitione
1904 4390 1974 4439 mee
1997 4379 2029 4438 et
2056 4369 2097 4442 de
2121 4371 2203 4443 meis

781 4488 952 4564 heredibus
975 4502 1007 4564 et
1030 4493 1099 4562 sine
1122 4491 1278 4584 cujusque
1303 4490 1567 4562 contradictione.
1593 4489 1646 4558 Ex
1669 4509 1734 4582 qua
1752 4465 1808 4559 res
1830 4491 1965 4583 promisi
1994 4501 2027 4564 et
2049 4493 2200 4586 guadiam

779 4614 840 4685 tibi
863 4619 1013 4689 iamdiuo
1036 4616 1169 4688 domino
1185 4617 1329 4711 stephani
1344 4617 1520 4688 venerabili
1536 4615 1644 4684 abbati
1660 4639 1720 4707 pro
1744 4639 1816 4708 pars
1838 4617 1981 4690 iamdicti
2005 4621 2104 4691 vestri
2128 4645 2201 4692 nro-

778 4739 908 4808 nesterii
930 4739 1005 4812 dedi
1027 4751 1059 4812 et
1082 4739 1225 4812 medium
1250 4740 1308 4811 tibi
1331 4742 1425 4836 posui
1439 4740 1599 4834 paldoyno
1623 4738 1690 4808 filio
1714 4740 1798 4831 gruisi
1823 4741 1863 4812 de
1886 4745 2102 4838 suprascripto
2126 4745 2199 4818 loco

779 4865 942 4941 relleourti
965 4875 1059 4942 et...
1076 4918 1106 4944 ..
1122 4919 1136 4990 ζ
1152 4867 1262 4940 iecinti
1286 4865 1457 4970 dellocum
1471 4865 1545 4937 nole
1568 4874 1600 4935 et
1624 4887 1684 4958 pro
1708 4865 1775 4958 ipse
1799 4869 1914 4959 gaudie
1937 4869 2079 4964 obligubi
2097 4897 2150 4944 mc
2166 4881 2199 4942 et
