4896 6522
898 779 1018 856 (ΗΝ.

345 1029 377 1128 †
399 1030 437 1107 in
459 1027 601 1107 Nomine
623 1026 758 1102 Domini
780 1026 842 1102 Dei
865 1025 1040 1102 Solvutoris
1061 1029 1174 1103 Nostri
1197 1029 1293 1106 lheou
1311 1031 1443 1106 Christi.
1468 1031 1675 1106 Guoimorius
1774 1049 1837 1120 An,

250 1171 285 1236 ot
308 1159 470 1238 iohannes
492 1156 603 1232 divino
619 1157 776 1254 largiente
789 1155 960 1230 clementis
978 1157 1256 1254 langubardorum
1271 1160 1379 1254 gentis
1392 1159 1552 1255 princeps.
1574 1159 1674 1245 Quo„-
1754 1180 1860 1249 1017.

252 1288 342 1360 niem
364 1311 386 1358 ι
409 1286 473 1360 deo
496 1271 592 1361 uobis
613 1285 803 1382 conoessum
817 1293 866 1356 ost
879 1295 1015 1358 unctus
1029 1285 1171 1382 populus
1192 1285 1289 1360 uobis
1304 1286 1476 1359 subiectus.
1493 1295 1527 1359 ot
1541 1308 1584 1360 ex
1596 1286 1676 1382 ipsis

252 1412 434 1488 secuudum
455 1412 508 1485 dei
531 1409 731 1483 mmmmm.
754 1408 859 1501 nugis
882 1429 1005 1480 cunum.
1024 1419 1123 1504 atquo
1138 1409 1341 1504 vigilantium
1355 1411 1477 1484 habero
1492 1411 1674 1486 debeamus.

253 1545 303 1611 set
322 1535 467 1610 maximo
488 1527 707 1606 concussum.
730 1537 765 1603 et
795 1531 1066 1603 monasteriorum
1098 1531 1155 1600 ubi
1183 1531 1236 1602 die
1259 1543 1424 1625 noctuque
1449 1535 1501 1606 dci
1525 1533 1696 1608 laudibus

255 1683 386 1758 smper
417 1669 598 1756 pcrtonuut
631 1667 665 1731 ot
696 1655 737 1732 do
760 1679 903 1754 quorum
925 1679 1047 1753 proces.
1071 1657 1181 1729 sedulo
1205 1657 1247 1730 od
1270 1659 1333 1730 doo
1356 1657 1535 1735 fundentes
1558 1683 1619 1732 nos
1642 1663 1693 1731 et'

254 1783 362 1876 punio
380 1793 496 1856 ¹nostru
526 1781 632 1856 sulvus
654 1776 864 1876 persistimm.
896 1779 1103 1876 Quapropter
1134 1801 1195 1875 pro
1224 1799 1336 1851 umore
1359 1780 1572 1875 omnipotenti
1595 1785 1672 1858 duo.
1719 1835 1723 1846 -

255 1907 393 2002 musque
414 1907 582 2002 geurien
613 1907 750 2004 uirginis
779 1907 883 1980 morie
914 1929 1015 2004 ιιιιιιιιι
1038 1917 1071 1988 et
1094 1907 1165 2004 pro‘
1178 1908 1355 1984 srlvutiouo
1378 1911 1494 2004 gentis.
1518 1922 1551 1984 ct
1573 1916 1677 2008 patrie

249 2038 373 2118 nostro.
397 2039 571 2126 nostroque
593 2031 776 2124 remedium
808 2031 916 2104 mimo
936 2031 1062 2106 solutis.
1095 2033 1318 2108 concessimus
1340 2033 1434 2108 vobis
1457 2035 1583 2110 domiui
1607 2039 1673 2110 he-

249 2159 374 2232 nodioti
398 2159 457 2254 uui
478 2157 645 2232 demerim
667 2169 803 2232 uocatur
825 2161 1027 2235 raucissimo
1051 2159 1159 2232 abbati
1174 2161 1359 2234 monosterii
1374 2172 1486 2234 sancto
1501 2165 1603 2236 morio
1617 2167 1675 2237 uhi

248 2285 377 2358 dicitur
400 2283 442 2358 ud
466 2283 540 2357 ilico
563 2286 687 2358 oratori
708 2295 820 2358 nostro
843 2290 1007 2382 integrum
1029 2287 1219 2362 iamdictum
1248 2291 1481 2363 monasterium
1504 2293 1593 2386 quod
1616 2312 1677 2364 uos

257 2436 278 2482 ι
301 2409 389 2482 nono
411 2408 639 2482 construxistis
658 2408 849 2514 fundamine
871 2409 907 2482 in
929 2409 1062 2504 propriu
1083 2411 1181 2483 rebus
1203 2422 1320 2484 vostra.
1344 2414 1421 2486 idco
1438 2421 1475 2484 ut
1489 2411 1676 2487 dictumest

254 2539 423 2632 intcgrnm
453 2535 566 2638 ipsum
596 2536 837 2614 monmeriun.
869 2559 946 2610 oum
980 2537 1124 2610 ecclesiis
1157 2545 1190 2606 ot
1213 2537 1303 2609 cusis.
1327 2547 1362 2608 et
1384 2537 1484 2612 cetto.
1508 2561 1585 2612 oum
1609 2540 1679 2613 solo

257 2673 355 2736 tenc.
379 2673 412 2736 ct
432 2665 580 2740 sediunen
604 2687 701 2738 urum
724 2689 801 2741 oum
826 2664 934 2740 curtis.
958 2656 1080 2740 urtodi's.
1099 2665 1215 2738 servis.
1239 2673 1272 2738 ct
1288 2663 1421 2737 ancillis.
1437 2666 1592 2743 necnon
1607 2667 1681 2762 ipsu
1712 2641 1716 2646 ⁵

256 2792 357 2866 rudus
378 2815 445 2890 quo
467 2795 610 2870 ooutinot
633 2791 832 2892 preceptum.
857 2797 946 2892 quod
968 2796 1037 2870 iam
1060 2787 1154 2866 antur
1177 2793 1273 2867 vobis
1296 2791 1444 2868 fecimus.
1462 2817 1530 2867 uec
1545 2818 1622 2868 nou.
1646 2805 1681 2869 et
1889 2865 1892 2874 .

250 2928 370 2992 nuncto
394 2919 456 2994 dir
479 2921 588 2995 robus.
612 2923 702 3018 quod
724 2943 784 2994 vos
801 2921 1008 3016 postmodum
1028 2920 1174 3018 perustis.
1191 2929 1224 2992 ot
1239 2918 1329 3016 quod
1343 2919 1466 3016 inipso
1482 2921 1677 2995 monmmrio
1730 2923 1734 2940 ‘

258 3048 567 3143 quomodocumque
598 3050 794 3142 pertinentes
825 3043 874 3120 ost
905 3057 962 3122 out
988 3048 1096 3122 suerit
1120 3055 1226 3120 totum
1249 3057 1282 3121 ot
1305 3048 1454 3120 inclitum
1478 3049 1559 3122 iliud
1581 3050 1676 3122 uobis

156 3265 159 3270 Ι
260 3173 476 3248 couoessimm
502 3197 538 3244 er
564 3175 690 3247 rationo
711 3189 749 3246 m
772 3176 923 3248 omnihus
944 3175 1060 3249 diebus
1082 3177 1149 3248 vito
1170 3185 1226 3248 tue
1240 3174 1423 3271 predictum
1446 3175 1679 3249 monasterinm

263 3317 339 3374 cum
363 3323 402 3371 cu
425 3323 490 3395 quc
514 3303 701 3397 prologitur.
733 3313 766 3374 ot
795 3303 912 3376 ceteris
943 3303 1094 3376 omuibus
1119 3304 1199 3376 suis.
1223 3311 1257 3375 ot
1280 3302 1396 3374 vesuis
1419 3303 1620 3398 pertinentis
1641 3305 1678 3378 in

262 3438 317 3500 tm
336 3427 382 3498 sit
398 3437 562 3522 potestate.
585 3429 799 3502 ordinandum
822 3429 870 3501 ibi
894 3429 1052 3504 ubbmm
1077 3431 1206 3526 qudem
1229 3442 1267 3502 tu
1289 3431 1441 3506 volucris.
1467 3441 1500 3502 ot
1513 3431 1567 3502 ilie
1581 3432 1679 3505 mnas

258 3575 357 3648 quom
380 3563 416 3624 tn
440 3552 561 3623 ibidem
577 3551 788 3624 ordinaveris.
798 3553 954 3629 similiter
967 3554 1009 3626 ud
1024 3573 1117 3625 suoru
1131 3551 1211 3626 illud
1227 3553 1344 3626 hebent
1357 3563 1548 3649 potostrtom
1563 3555 1678 3630 diohm

259 3678 324 3751 tito
345 3699 405 3750 suo
429 3677 508 3750 illud
531 3677 706 3753 tenendum
730 3685 764 3750 et
785 3677 1020 3752 dominandum
1044 3678 1130 3751 sicut
1152 3689 1186 3753 ct
1209 3701 1276 3754 sos.
1305 3689 1379 3774 post
1402 3703 1482 3755 vero
1504 3683 1678 3754 umbonum

257 3803 416 3879 hobitum*
432 3827 560 3901 comper
581 3806 623 3878 sit
643 3804 680 3876 'iu
697 3815 852 3900 potestate
867 3806 1129 3902 congregationis
1151 3829 1216 3903 quo
1231 3807 1353 3901 inipso
1367 3807 1565 3880 monisterio
1579 3808 1680 3880 fuerit

253 3929 376 4026 eligere
398 3939 432 4002 et
454 3929 602 4004 orduone
625 3931 688 4004 sibi
712 3931 859 4008 thidum
891 3930 988 4027 quoio
1021 3929 1163 4003 volucrit
1191 3931 1369 4002 secuudum
1392 3930 1549 4024 regulum.
1571 3931 1676 4002 mucii

254 4058 429 4132 bumdiuti.
452 4067 485 4130 et
507 4081 581 4156 pus
603 4069 712 4132 nostre
744 4059 793 4130 rei
817 4057 949 4154 publico
973 4066 1006 4129 ot
1024 4056 1153 4132 nullum
1177 4055 1340 4130 dutiouom
1368 4056 1486 4129 exindo
1509 4054 1615 4128 tollat.
1640 4055 1677 4127 Si

255 4207 340 4258 voro
364 4205 570 4279 quocumque
592 4193 737 4278 tempore
753 4206 826 4276 pons
841 4183 977 4277 predicti
991 4179 1178 4258 monosterii
1193 4182 1235 4255 de
1250 4181 1357 4254 robus.
1372 4179 1539 4252 ooutcutio
1554 4179 1677 4255 inmuo-

256 4313 313 4384 rit.
336 4333 404 4382 nou
428 4319 590 4404 pomntur
613 4309 644 4382 ei
668 4307 827 4380 iudicium
851 4330 925 4402 purs
948 4323 1058 4384 nostre
1081 4309 1130 4382 roi
1153 4289 1284 4404 publice
1307 4318 1345 4380 ut
1368 4307 1441 4406 quis
1464 4331 1524 4404 per
1546 4329 1678 4402 possus-

255 4435 384 4508 sionem
406 4433 504 4506 rebus
528 4433 568 4506 do
591 4433 662 4527 ipso
685 4427 882 4504 monisterio
907 4429 1032 4502 unierat
1045 4440 1079 4503 ot
1095 4432 1123 4503 si
1140 4433 1291 4512 sonions
1305 4455 1511 4529 quocumque
1529 4442 1677 4525 temporo

256 4581 336 4658 puro
367 4561 504 4657 predicti
534 4559 723 4634 moumtcrii
753 4565 990 4632 monemur
1023 4555 1064 4631 do
1087 4579 1292 4655 quocumque
1313 4559 1411 4632 robus
1434 4559 1510 4629 duro
1534 4555 1681 4629 debuerit

260 4686 407 4762 concedit
429 4687 530 4784 pietus
552 4693 663 4759 nostru
684 4691 724 4757 ut
745 4705 813 4758 nou
834 4681 922 4756 iuret
937 4681 1066 4780 cxiude.
1080 4703 1142 4754 nec
1152 4681 1254 4754 uibus
1269 4705 1330 4756 uec
1343 4678 1519 4754 monichus
1533 4680 1678 4754 ciusdem

265 4815 452 4892 monosterii
475 4823 524 4890 set
545 4837 682 4912 sumper-
705 4821 940 4888 saoromeutum
972 4809 1061 4907 quod
1092 4831 1166 4906 pars
1188 4809 1328 4908 predicti
1360 4809 1546 4886 monosterii
1569 4809 1678 4884 inune
