4940 6518
793 691 796 696 ¹
936 571 1030 668 (v)

944 865 1021 938 CCI.

369 1117 470 1188 Mani
494 1113 651 1207 Stcplsani
674 1123 706 1184 et
729 1117 843 1186 Annae
859 1112 1039 1186 Manaclcac
1062 1111 1134 1204 filia
1149 1111 1248 1183 donat
1264 1111 1363 1180 Petra
1378 1109 1493 1181 Attae·
1509 1105 1696 1180 amassent

277 1243 329 1314 Ss.
357 1241 507 1315 Severini
532 1253 562 1312 ct
586 1242 688 1313 Sassii
700 1297 709 1326 ,
738 1251 768 1310 et
791 1239 944 1334 Philippo
972 1243 1133 1332 Ipnmcna
1156 1239 1347 1312 Manasterii
1370 1237 1422 1307 Ss.
1443 1237 1552 1327 Serpit
1568 1246 1599 1305 et
1615 1237 1697 1307 Bac.

280 1373 334 1450 cni
366 1392 491 1442 amnem
521 1391 616 1441 snam
647 1368 857 1440 hereditatem
888 1391 963 1438 cam
994 1391 1091 1439 onere
1114 1366 1259 1438 salaemli
1282 1366 1363 1436 daos
1386 1365 1503 1435 caliclos
1521 1374 1593 1457 pra·
1605 1361 1699 1455 vala

279 1499 421 1569 Sanctae
444 1497 510 1569 Dei
536 1499 710 1569 Genitcias
733 1495 778 1567 acl
794 1505 926 1588 pactam
949 1495 986 1565 S.
1013 1496 1144 1567 Mariae
1169 1494 1215 1564 ad
1237 1493 1411 1576 Albinam,
1439 1501 1469 1561 et
1492 1489 1622 1601 tpticlem
1633 1509 1697 1579 pra

281 1619 418 1692 ecclesia
441 1621 477 1690 S.
506 1622 625 1693 Lentii.

936 1865 1028 1939 CCII.
1180 1891 1183 1898 ¹

378 2118 525 2190 Basilius
547 2119 785 2204 malliacensis,
812 2131 844 2191 ct
864 2123 1003 2194 Ioannes
1025 2121 1176 2212 perniani
1199 2071 1343 2211 fraces,
1378 2133 1551 2204 cataatqac
1575 2132 1700 2181 secares

239 2275 241 2280 ·
287 2243 423 2314 Gemma
446 2251 478 2311 et
500 2241 687 2334 Enplicmia
708 2241 794 2316 inter
816 2263 851 2314 sc
875 2243 1025 2315 dividant
1043 2242 1210 2336 praedia,
1245 2261 1329 2332 qnae
1359 2240 1422 2310 sili
1445 2261 1491 2310 ea
1510 2239 1702 2331 parentibus

282 2368 497 2453 obvenerant,
518 2369 628 2461 posita
650 2369 869 2444 Mascmellac
893 2371 975 2444 faris
999 2391 1118 2442 arcora
1142 2368 1363 2450 Caucilione,
1395 2365 1534 2458 aliisqac
1563 2353 1705 2457 campla-

284 2495 375 2567 rilus
397 2497 433 2566 in
457 2497 545 2567 leals.

944 2746 1051 2819 CCIII.

389 2999 572 3092 Stephanae
595 2999 777 3092 Episcopus
803 3003 951 3076 Caiatiae
975 3005 1015 3076 ab
1032 3005 1206 3098 episcopali
1221 3006 1444 3076 iansdictianc
1460 3008 1597 3086 eaimit,
1617 3006 1709 3075 aliis-

288 3145 350 3216 pne
375 3125 564 3217 privilepiis
596 3123 694 3196 donat
723 3127 908 3200 Ecclesiam
939 3152 979 3200 ac
1010 3133 1244 3202 Mmasteriam
1274 3132 1311 3201 S.
1350 3131 1464 3200 Graa's
1496 3143 1710 3202 cccccccccc

290 3249 431 3342 pnaclam
456 3251 657 3343 Laaclnlplca.

956 3504 1062 3574 CCIV.

385 3753 592 3848 Admalplins
614 3753 883 3848 Arelicpiscapns
909 3757 1106 3849 Gapaanas,
1139 3756 1331 3850 deprecante
1355 3762 1589 3834 Arclldiacana
1612 3763 1712 3836 Ania-

291 3880 385 3997 alcia,
412 3883 690 3981 Ascliepiscapali
712 3886 903 3955 anctoritate
926 3887 1102 3962 immanem
1118 3887 1264 3958 declarat
1280 3888 1463 3960 Ecclesiam
1486 3890 1521 3959 S.
1543 3889 1714 3964 'Laurentii

292 4003 453 4074 conditam
476 4004 517 4074 ab
542 4005 685 4087 Alaara,
712 4017 743 4076 et
767 4007 967 4098 [andenalsa
993 4009 1127 4102 Capaae
1151 4013 1372 4105 Principilns.

867 4235 1057 4328 ’σονς

388 4500 594 4594 Adcaalpltns
625 4501 894 4596 Accticplsccpns
930 4507 1108 4599 (lapsanas
1143 4509 1184 4579 ab
1220 4511 1410 4584 anctoritate
1444 4517 1718 4612 Arelieps'scapali

295 4631 412 4701 emmit
425 4651 490 4702 nan
503 4629 597 4700 mado
612 4628 796 4700 Ecclesiam
811 4650 852 4700 ac
866 4629 1099 4704 Isenastaiam
1109 4635 1144 4704 S.
1161 4637 1333 4708 Lanrerstii
1348 4647 1501 4710 catnccta
1516 4641 1558 4711 ab
1571 4643 1712 4730 Macra,

299 4763 331 4822 et
354 4751 583 4846 landenalplta
608 4754 742 4844 Capuae
765 4753 995 4846 anptaa,
1029 4777 1144 4828 veram
1173 4760 1271 4831 etiam
1295 4762 1449 4853 quicquid
1473 4759 1627 4835 mitem
1649 4772 1719 4842 Eo-
1795 4827 1802 4846 ,

300 4878 480 4952 nectariam
503 4879 539 4950 in
565 4879 725 4971 Capanea
748 4877 899 4952 Diacccsi
920 4881 1093 4972 spectabat.
