4940 6518
1424 555 1551 652 (Μ)

1427 847 1551 920 CCXV.

874 1094 1011 1165 loannes
1028 1093 1198 1188 presbyter
1222 1117 1261 1164 ae
1285 1093 1472 1166 distributor
1495 1117 1541 1166 ea
1565 1106 1749 1170 testarnenta
1772 1101 1904 1172 laarsnss
1919 1099 1960 1172 de
1975 1103 2117 1176 Erannc
2131 1117 2202 1176 tra-

779 1217 827 1286 dit
850 1219 1044 1290 llanastcrr'a
1076 1221 1127 1291 Ss.
1154 1219 1265 1310 Serpii
1295 1229 1324 1290 et
1355 1219 1478 1290 Bactlsi
1503 1221 1682 1314 praedium
1700 1225 1843 1317 positum
1867 1227 2033 1302 Serranae
2057 1233 2093 1302 in
2116 1253 2198 1322 apra

773 1346 959 1432 puteolano.

1425 1601 1563 1673 ccxvt.

873 1851 1005 1920 loannes
1022 1851 1193 1945 presbyter
1216 1872 1262 1920 aa
1285 1863 1468 1923 testamento
1492 1854 1693 1946 liupraaaiae
1714 1853 1806 1944 filiae
1834 1854 1965 1926 loannis
1989 1853 2031 1925 de
2056 1855 2198 1928 Erasma

779 1971 880 2042 tradit
903 1975 1098 2046 llennstesia
1121 1976 1172 2058 Ss.
1201 1977 1311 2068 Serpit
1335 1987 1366 2047 et
1389 1978 1511 2052 llaeelsi
1529 1977 1707 2071 praedium
1723 1979 1889 2052 Serranae
1906 1980 2049 2072 positum
2063 1983 2100 2053 in
2114 2001 2197 2072 apra

777 2095 963 2186 puteolano.

1421 2350 1571 2424 ccxvtt.

873 2605 1009 2704 llaria„
1028 2609 1124 2676 Anna
1147 2601 1321 2685 manaelra,
1349 2602 1477 2686 mon,
1507 2600 1660 2684 Gemma,
1687 2611 1717 2672 et
1745 2601 1905 2692 Greporia
1923 2621 2049 2671 sorores
2064 2621 2197 2692 perma-

749 2748 842 2820 ‘nae
873 2726 1006 2797 tradunt
1036 2727 1231 2800 Manasterio
1262 2725 1313 2796 Ss.
1342 2725 1453 2817 Serpii
1483 2736 1514 2796 et
1545 2725 1669 2796 Bacclsi
1694 2725 1874 2818 praedium
1901 2724 2085 2799 Pumiliani
2116 2724 2198 2797 forts

780 2871 898 2923 arcora
916 2855 1069 2948 positum

1406 3099 1576 3174 ccxvttl.

877 3355 1059 3446 Stephanus
1084 3356 1199 3426 Leams
1221 3352 1328 3444 filius,
1356 3364 1387 3424 et
1413 3353 1591 3446 Greparius
1613 3353 1758 3424 cendunt
1774 3352 1891 3446 Serpa
1900 3350 2089 3446 presbytera
2099 3373 2202 3446 prae-

782 3477 874 3547 dium
896 3479 1072 3568 Nepotiani
1089 3479 1242 3572 positum.
1683 3491 1688 3504 '

1423 3724 1562 3796 CCXIX.

821 3933 823 3940 ’
879 3981 944 4048 aa
967 3977 1144 4047 reperta
1167 3974 1277 4047 venta
1292 3975 1451 4048 cuano
1473 3973 1677 4048 tumenta
1692 3973 1855 4064 sesenna
1873 3973 2008 4048 oetan
2030 3980 2084 4050 ns·
2093 3963 2202 4071 pen

783 4110 818 4176 in
840 4107 911 4175 vica
934 4106 963 4174 S
1003 4107 1135 4198 Georpit
1159 4105 1195 4172 in
1218 4105 1382 4177 Diacania
1405 4105 1442 4176 im
1465 4104 1609 4194 Rapidus
1633 4102 1787 4174 Summae
1812 4101 1959 4176 Plalaac.

1424 4350 1550 4424 CCXX.

879 4603 1014 4674 loannes
1048 4597 1179 4670 Gavalla
1198 4585 1354 4690 'tammus
1385 4596 1554 4668 Ecclesiae
1584 4593 1820 4689 Neapolitanae
1853 4598 1888 4665 in
1916 4615 2002 4688 papa
2033 4596 2202 4666 llntlriani

781 4731 891 4802 versdit
909 4728 1076 4822 Stephano
1094 4724 1284 4820 presbytero
1310 4723 1441 4798 casati
1465 4724 1632 4796 Ecclesiae
1657 4724 1693 4794 S.
1720 4721 1836 4796 Seven·
1853 4725 1981 4816 positae
2006 4725 2051 4796 ad
2078 4727 2201 4816 Gnrpi·

783 4869 847 4930 tem
870 4857 906 4926 in
921 4854 1073 4972 limiam
1098 4852 1251 4924 Summae
1275 4849 1411 4926 Panae
1431 4851 1611 4946 praedium
1633 4859 1855 4946 nuncupatum
1878 4849 2097 4942 Manganum.
