4896 6522
873 535 1005 642 (iti

732 877 735 884 -
853 779 1061 908 coxcsm}

318 1087 412 1186 †ln
433 1084 569 1162 nomino
585 1081 713 1160 domini
728 1083 782 1158 dei
804 1078 973 1162 mortuns
995 1082 1101 1155 nostri
1119 1079 1231 1174 lbesu
1243 1083 1365 1157 Christi
1391 1085 1572 1180 Impercnte
1588 1087 1655 1160 do·
1746 1081 1808 1154 dn.

223 1219 316 1296 mino
337 1221 451 1288 nostm
474 1201 594 1286 besilio
616 1229 738 1305 magno
760 1208 961 1306 imperatore
989 1229 1079 1282 enno
1108 1183 1381 1306 dommagoum
1402 1219 1514 1281 sexto:
1546 1211 1659 1284 sedet
1732 1229 1839 1295 10¹6·

224 1339 431 1416 constentino
452 1337 556 1410 trote·
571 1333 642 1407 sim
654 1353 776 1427 magno
789 1331 988 1428 inperatore
1010 1353 1100 1404 nuno
1124 1331 1395 1430 quinqmgesimo
1409 1333 1522 1407 ertio:
1539 1333 1592 1410 die
1606 1339 1670 1430 vig

226 1466 350 1540 eesimc
370 1461 489 1536 mensis
511 1457 643 1554 nugrrsti
665 1455 844 1528 indictione
866 1455 1111 1550 qumtndecims
1134 1458 1283 1551 neapoli:
1306 1459 1440 1530 Certum
1455 1464 1504 1532 eit
1524 1481 1658 1534 noscu-

228 1593 309 1665 dron
330 1586 401 1663 titio
422 1583 589 1682 qurondem
612 1576 761 1676 gregorii
783 1577 825 1651 dc
847 1592 943 1653 rese:
969 1584 1004 1651 et
1026 1577 1185 1674 sepham
1199 1579 1269 1652 filio
1284 1585 1451 1676 qnondam
1474 1584 1563 1658 idem
1585 1599 1658 1660 ste-
1738 1593 1741 1599 ’

184 1741 187 1748 ·
225 1701 329 1812 phuni
351 1712 393 1786 dc
414 1727 568 1807 pascum:
601 1705 817 1780 nbitutoribns
849 1701 959 1782 nutem
983 1705 1024 1782 in
1048 1705 1123 1780 loeo
1145 1706 1206 1804 qui
1228 1708 1425 1810 nominetur}
1447 1713 1602 1785 tertium:
1625 1719 1656 1790 Α

223 1841 368 1938 presenti
382 1823 446 1914 ‘us
467 1836 688 1934 promtissime
710 1835 893 1912 rolumtnte
915 1835 1139 1933 promittimus
1154 1833 1250 1909 vobb
1267 1837 1402 1912 domino
1416 1842 1561 1936 parmoti
1591 1861 1657 1914 rc·

224 1967 363 2046 nembiii
378 1969 534 2064 igumeno
549 1963 738 2039 monosterii
753 1965 1056 2062 sanctorumsergii
1069 1971 1103 2038 et
1116 1961 1241 2039 brem:
1257 1967 1316 2063 qui
1332 1991 1418 2041 nune
1444 1980 1658 2066 congregatim

224 2105 275 2170 est
296 2093 332 2170 in
353 2091 552 2166 monasterio
574 2100 762 2166 sensorum
785 2090 937 2164 theodoti
959 2098 994 2162 et
1016 2089 1190 2163 sebmtioni
1213 2093 1273 2190 qui
1296 2081 1468 2189 utpeiirtur
1499 2097 1657 2192 ensopictn

225 2223 328 2298 situm
349 2222 390 2297 in*
407 2207 643 2297 viridiarium
676 2228 710 2294 et
741 2227 775 2291 st
804 2203 905 2292 eunte
927 2229 1041 2294 vestre
1055 2209 1293 2314 commestione
1314 2222 1549 2296 momcbomm
1580 2245 1658 2297 me-

224 2345 346 2423 morrti
375 2345 479 2422 emoti
500 2351 537 2419 et
558 2343 753 2421 vcnerobilis
775 2343 877 2417 sosoi
898 2343 1106 2418 monasterii:
1120 2331 1123 2336 ’
1138 2351 1274 2440 propter
1297 2345 1462 2442 integrum
1497 2341 1664 2422 molinum·

225 2475 376 2546 meum
399 2469 481 2545 iuris
504 2477 686 2545 memorate
707 2475 820 2544 smoto
843 2481 874 2542 et
896 2464 1063 2542 vonerabili
1085 2475 1186 2540 ostro
1207 2473 1394 2542 monnesio
1416 2493 1482 2543 nnc
1506 2482 1581 2542 cnm
1606 2474 1658 2544 in·

228 2612 322 2701 tegre
354 2623 420 2675 nnn
451 2598 594 2676 clusurio
624 2601 775 2676 deterre
797 2605 903 2684 vesun
927 2595 985 2670 obi
1007 2605 1057 2670 est
1079 2604 1296 2668 memoratum
1319 2595 1481 2673 molinum
1515 2599 1658 2694 positum
1765 2605 1772 2622 '

226 2734 264 2808 in
287 2739 468 2808 memornto
490 2729 567 2804 loco
588 2731 722 2806 tertium
744 2748 820 2804 nno·
833 2749 911 2804 enm
934 2723 1106 2803 moribrn
1130 2723 1306 2798 fructiferis
1321 2723 1374 2802 rel
1397 2723 1604 2801 infructiferis
1627 2737 1660 2802 et

228 2881 305 2935 eum
326 2857 477 2932 introitus
499 2877 574 2932 suus
597 2869 631 2932 et
653 2857 763 2956 ipsum
785 2855 946 2932 molinum
970 2876 1046 2929 cum
1059 2855 1210 2942 ‘tenores
1235 2864 1269 2931 et
1294 2854 1397 2930 moles
1420 2877 1494 2937 suas
1527 2866 1560 2928 ct
1583 2879 1659 2929 cum

227 2979 352 3056 omnies
375 2981 454 3057 odes
486 2973 681 3056 armatoriis
712 2998 787 3054 suus
819 2957 1133 3086 omnibusque'sivi
1164 2977 1421 3074 eminentibus:
1455 2998 1535 3074 quos
1564 2981 1659 3055 nobis

225 3110 412 3203 nostrisque
434 3108 609 3182 heredibus
625 3107 760 3180 dedistis
775 3115 808 3178 ct
821 3103 1033 3181 detinendum
1050 3101 1168 3180 amodo
1184 3111 1336 3202 stumque
1351 3108 1385 3180 in
1402 3083 1543 3198 ouauo‘r
1568 3109 1660 3178 aunis

227 3233 387 3332 expletis:
403 3236 454 3306 'in
483 3255 524 3307 oo
558 3233 647 3306 enim
669 3243 785 3308 tenore
808 3229 855 3308 ut'
870 3242 981 3307 nostro
1002 3233 1208 3330 nostrisque:
1233 3231 1407 3308 heredibus
1428 3233 1493 3307 sint
1520 3243 1659 3329 potestu-

227 3370 295 3434 tem
320 3373 376 3432 cos
399 3359 531 3431 tenendi
554 3369 588 3434 et
611 3359 798 3434 dominandi
821 3369 856 3430 et
877 3360 1000 3435 ibidem
1023 3359 1136 3433 emim
1160 3370 1193 3432 et
1215 3357 1475 3433 solticitudinem·
1492 3361 1607 3436 abeudi
1627 3373 1660 3434 et

227 3489 364 3556 fossatos
384 3483 426 3556 de
448 3483 557 3578 ipsum
580 3482 744 3558 molinum
767 3483 945 3558 mundandi
968 3480 1135 3579 mmmodo
1159 3483 1320 3572 merueds
1343 3491 1375 3554 et
1397 3483 1433 3554 iu
1457 3485 1570 3560 codem
1585 3509 1659 3560 mo-

226 3609 333 3683 linum
364 3607 547 3682 maeinandi
579 3625 616 3682 et
646 3627 760 3682 omnes
783 3609 912 3706 {rugios
935 3619 1072 3716 quantm
1089 3616 1129 3682 ‘et
1152 3587 1268 3706 qutlcs
1288 3629 1331 3682 er
1353 3611 1462 3705 ipsum
1495 3609 1657 3683 molinum

226 3725 324 3809 abere
358 3729 462 3808 scum¹
480 3733 596 3808 tollere
625 3735 829 3830 potuerimus
852 3757 912 3832 per
934 3717 1051 3832 quobis
1074 3734 1210 3808 modum
1224 3745 1329 3830 super
1351 3755 1411 3808 nos
1435 3734 1510 3808 ilios
1542 3736 1660 3808 soline
1769 3791 1775 3802 .

227 3867 265 3932 et
283 3859 392 3932 levore
415 3857 589 3932 debeamus
612 3843 699 3934 undo
721 3857 846 3932 nudum
877 3867 1000 3932 sortem
1023 3847 1089 3931 cut
1102 3871 1196 3953 perte
1216 3858 1311 3934 nobis
1346 3855 1441 3930 nobis
1472 3859 1658 3954 nostrisque

225 3983 404 4057 heredibus
427 3984 545 4058 exindo
569 4005 637 4058 non
660 3985 806 4082 queuntis
828 3995 887 4060 cut
910 3983 1051 4060 tolletis:
1077 3970 1177 4055 estun
1199 3993 1233 4054 et
1255 3993 1435 4058 memorate
1457 3981 1568 4056 ineiitn
1584 3983 1657 4054 clu·

219 4114 318 4186 suris
341 4113 382 4186 de
404 4121 582 4188 memorata
604 4123 692 4186 terro
718 4113 870 4188 Imormc
894 4118 936 4188 et
951 4115 1074 4188 culture
1098 4113 1273 4188 debeamus
1296 4135 1373 4186 cum
1406 4112 1505 4187 uobcs
1528 4125 1656 4188 nostros

220 4249 262 4314 et
288 4239 502 4350 consistorio
523 4237 579 4313 vel
602 4237 729 4311 omnies
744 4243 902 4333 expensus
916 4243 1123 4314 contuminns
1138 4252 1171 4315 et
1184 4241 1269 4314 vites
1290 4225 1412 4315 ibidem
1435 4239 1526 4314 omni
1549 4263 1656 4315 annue

220 4388 350 4464 ponere
370 4375 404 4441 et
426 4365 572 4464 plantare
604 4365 778 4441 debeamus
800 4363 862 4437 ubi
877 4373 1043 4440 necessum
1057 4371 1158 4442 tueris
1173 4382 1206 4443 et
1230 4371 1315 4445 sieut
1337 4373 1459 4447 mium
1480 4371 1656 4444 iussisset

224 4490 352 4564 ibidem
378 4511 474 4562 ornos
506 4489 613 4564 tacere
643 4498 677 4562 ct
707 4487 804 4562 ubere
828 4485 1001 4561 debeamus
1024 4499 1058 4561 et
1080 4489 1138 4586 p'er
1156 4485 1234 4587 'giro
1255 4497 1292 4567 in
1316 4495 1391 4589 giro
1417 4497 1488 4590 ipss
1512 4493 1655 4566 clusuris

229 4613 384 4688 clrudere
406 4613 581 4688 debemss
596 4619 678 4688 etet
699 4611 878 4688 conuellunt
893 4607 981 4720 iiiam
1006 4615 1157 4690 iuducere
1179 4617 1350 4693 debeamus
1374 4627 1405 4688 at
1419 4618 1519 4689 omni
1542 4629 1655 4690 nostro

230 4737 406 4834 expendio:
420 4751 454 4812 et
463 4741 693 4838 quodcumque
705 4743 797 4817 numi
805 4745 1141 4818 annueinmcmorcts
1153 4744 1297 4820 clusurio
1309 4747 1387 4816 deus
1399 4743 1524 4817 dederis
1538 4743 1653 4818 subtus

32 4841 35 5000 i
231 4877 265 4939 et
277 4887 374 4963 super
388 4870 435 4944 sio
450 4867 566 4944 exinde
580 4868 739 4946 iaciemus
753 4871 919 4969 quomodo
930 4869 1044 4947 feceris
1059 4882 1152 4950 totus
1161 4875 1231 4969 ipso
1245 4875 1337 4946 loeus
1351 4895 1432 4946 eum
1443 4874 1511 4950 suis
1526 4877 1653 4972 portio-
