4888 6528
875 585 887 677 (
916 581 1019 678 los)

854 867 1033 941 cccxxll.

324 1129 356 1222 †
379 1132 415 1200 ln
439 1128 571 1200 nominc
596 1127 719 1201 domini
743 1127 844 1200 nostri
866 1110 963 1198 llicsu
984 1125 1112 1198 Christi.
1140 1126 1235 1197 Nono
1259 1149 1344 1198 anno
1370 1127 1498 1219 imperii
1530 1127 1654 1200 domini
1746 1115 1805 1186 An·

229 1254 365 1324 heinrici
380 1255 583 1354 inuictimimi
598 1255 799 1349 imperatoris
816 1255 954 1348 augusti.
972 1273 1082 1326 mense
1101 1253 1217 1324 martio
1232 1245 1545 1348 quinta'indictione.
1563 1255 1654 1326 ldeo-
1732 1257 1838 1318 1022.

228 1367 294 1468 quc
318 1398 380 1470 ego
404 1387 514 1470 petrus
545 1399 653 1449 comes
685 1377 912 1470 langobardus
933 1376 1018 1448 illisu
1039 1377 1205 1470 quondum
1227 1375 1358 1448 landoni
1383 1377 1510 1448 comitis
1534 1377 1659 1476 lango-⁵

229 1503 330 1598 bardi.
355 1503 491 1574 Declaro
515 1506 592 1596 quie
615 1505 649 1574 in
673 1491 833 1596 presentis
857 1501 982 1571 domini
1006 1503 1127 1570 antonii
1151 1500 1339 1594 cappellanii
1364 1509 1396 1572 et
1412 1504 1501 1573 missi
1517 1502 1653 1595 predicti

230 1624 354 1700 domini
377 1624 589 1718 imperatoris.
607 1633 639 1695 et
655 1623 778 1694 domini
798 1615 949 1708 bennonis
974 1619 1065 1691 missi
1088 1596 1602 1720 eiusdem-dominiimperalor‘is.
1620 1631 1654 1693 et

228 1771 338 1821 coram
352 1752 399 1821 eis
414 1749 625 1823 residentibus
639 1749 850 1822 adelmundus
864 1757 897 1818 et
913 1755 1023 1842 petrus
1039 1745 1202 1818 iudicibus
1222 1743 1299 1816 huic
1324 1745 1460 1816 citiutis
1484 1769 1594 1838 capue.
1619 1755 1652 1817 et

227 1876 262 1944 in
286 1899 399 1947 eorum
423 1877 590 1969 presentiis
614 1877 758 1948 adessent
780 1875 891 1970 plures
914 1874 1011 1944 uiros
1038 1870 1184 1942 Exhorta
1212 1871 1273 1943 luit
1292 1871 1435 1943 causatio
1452 1871 1602 1944 interme
1619 1881 1651 1944 et

226 2011 285 2070 vos
306 2001 454 2074 videlicet
479 2004 613 2074 domino
637 2003 752 2074 farolfo
775 1999 1035 2073 relerentissimo
1059 1999 1172 2071 abbate
1196 1999 1381 2070 monosterii
1399 1999 1483 2070 beati
1499 2001 1650 2073 laurentii

199 2185 205 2196 .
224 2128 323 2198 levite
347 2138 380 2200 et
401 2129 541 2200 martiris
570 2129 682 2201 christi
706 2132 787 2201 situs
804 2130 891 2200 intus
920 2128 1009 2208 hanc·
1032 2147 1209 2222 capuanam
1233 2127 1397 2200 civilatem
1419 2149 1487 2198 non
1510 2128 1607 2222 longe
1630 2153 1649 2198 a

222 2263 317 2348 porta
335 2279 407 2350 gne
431 2255 611 2352 appelletur
633 2273 786 2350 capuana.
811 2279 870 2328 vos
894 2257 1035 2352 denique
1049 2279 1110 2350 pro
1125 2264 1216 2350 parte
1232 2253 1441 2349 suprascripti
1461 2253 1561 2325 vestri
1577 2277 1648 2326 mo-

219 2379 352 2450 nasterii
376 2389 408 2448 et
432 2401 508 2470 erga
532 2377 700 2448 vobiscum
725 2377 881 2447 habendo.
906 2377 1082 2470 agelgobisi
1105 2377 1217 2450 abbate
1242 2378 1385 2450 eiusdem
1406 2377 1507 2450 vestri
1528 2381 1649 2450 mona-

222 2500 324 2569 sterii.
349 2501 389 2570 de
412 2509 503 2570 curte
527 2508 560 2568 et
584 2497 678 2570 terris
693 2521 758 2592 que
773 2485 939 2593 quo'ndsm
955 2501 1088 2596 puerunt
1104 2507 1137 2567 et
1150 2501 1376 2591 pertinuerunt
1391 2500 1505 2572 sellicti
1522 2501 1648 2586 aurifici
1800 2506 1806 2519 '

224 2649 291 2719 que
314 2646 382 2700 esse
405 2623 555 2696 videntur
578 2624 612 2694 in
636 2621 753 2694 linibus
776 2621 860 2692 lanei
883 2623 958 2693 loco
980 2622 1039 2717 qui
1063 2621 1182 2693 dicitur
1204 2623 1343 2716 porticu.
1369 2624 1461 2692 Unde
1486 2645 1545 2694 vos
1569 2647 1647 2720 erga

121 2771 123 2778 ⁴
223 2750 395 2822 nobiscum
413 2749 828 2844 habendosuprascriptum
843 2748 989 2822 abbatem
1006 2749 1141 2844 predicti
1158 2749 1257 2822 vestri
1268 2749 1458 2821 monasterii
1472 2750 1648 2822 ostensistis

221 2876 324 2948 michi
347 2878 381 2948 in
404 2875 573 2949 iudicium.
598 2899 662 2949 nna
686 2878 859 2972 scriptione
882 2899 947 2973 que
971 2887 1019 2949 est
1042 2877 1153 2950 charta
1168 2877 1347 2949 offersionis
1361 2874 1540 2971 pertinente
1557 2876 1647 2946 ium-⁴

221 3004 281 3074 leti
305 3003 402 3074 imtri
426 3003 614 3074 monasterii
636 3025 702 3100 que
725 3001 844 3074 relecta
867 2983 1073 3074 condirentur
1096 3001 1181 3072 inter
1209 3009 1315 3072 cetera
1341 2997 1507 3096 quomodo
1538 2999 1647 3070 aloara

224 3130 357 3200 domini»
373 3123 476 3224 gritia
499 3129 689 3224 principissa
711 3129 822 3200 relicta
837 3129 923 3200 bone
938 3131 1097 3202 memorie
1112 3129 1239 3201 domini
1254 3127 1383 3223 paldolll
1399 3126 1532 3222 gloriosi
1549 3127 1645 3220 prin-

220 3257 304 3349 cipis
325 3265 361 3326 et
385 3255 451 3328 lilia
474 3257 642 3328 cuiusdam
665 3255 749 3352 petri
772 3257 911 3330 comitis.
938 3281 1003 3330 una
1027 3279 1103 3360 cum
1126 3277 1318 3330 consensum
1334 3265 1366 3328 et
1382 3255 1546 3328 voluntate
1568 3254 1646 3324 len-
1752 3353 1754 3356 Ι

219 3383 341 3455 denolli
362 3383 532 3477 principis.
552 3397 583 3456 et
599 3386 704 3480 gisolfi
727 3387 889 3480 germanis
913 3387 987 3459 filiis
1013 3395 1046 3456 et
1060 3385 1236 3458 mundould
1251 3385 1318 3456 suis
1332 3383 1527 3479 inquorum
1544 3403 1646 3453 mun·
1720 3437 1730 3454 .

218 3509 312 3578 dium
335 3527 370 3575 se
393 3527 464 3577 esse
488 3509 688 3599 agnoscebas
709 3531 808 3603 wem
832 3520 864 3580 ct
886 3531 948 3600 pro
971 3511 1118 3592 mercede
1142 3519 1176 3581 et
1197 3509 1372 3581 salbatione
1396 3509 1502 3580 anime
1524 3529 1644 3600 supra-

218 3629 298 3698 dicti
321 3621 447 3698 dominl
469 3627 598 3720 paldolli
623 3627 758 3722 gloriosi
782 3629 938 3720 principis
961 3630 1035 3700 viro
1058 3652 1127 3700 suo.
1151 3637 1185 3702 et
1206 3651 1269 3721 pro
1292 3629 1440 3702 mercede
1462 3639 1495 3698 et
1511 3629 1644 3700 redem-

219 3755 308 3824 tione
342 3754 447 3837 enime
477 3753 563 3824 hone
596 3755 755 3827 memorie
779 3754 910 3848 peldolli
934 3755 1088 3851 principis
1111 3733 1178 3852 dlio
1202 3777 1275 3828 suo.
1301 3765 1335 3828 et
1358 3778 1420 3851 pro
1442 3741 1644 3827 mercedest

217 3880 394 3953 salhstione
417 3883 584 3955 animabus
607 3885 739 3980 landolfi
763 3885 917 3980 principis
940 3895 974 3958 et
998 3886 1127 3957 atenolfi
1150 3883 1330 3956 marchioni
1354 3883 1430 3956 filiis
1452 3884 1519 3956 suis
1535 3893 1568 3955 et
1581 3905 1643 3976 pro

215 4025 277 4074 sue
302 4003 418 4076 anima
448 4023 506 4098 per
529 4008 597 4100 ipsa
621 4007 730 4078 charta
746 4009 894 4103 ipsaque
917 4031 1014 4102 supra
1039 4010 1145 4078 aloara
1168 4007 1356 4100 principissa
1373 4027 1450 4077 cum
1464 4005 1642 4076 volumtate
1766 4047 1770 4056 ·

213 4129 393 4222 supradicti
415 4129 588 4206 landenolfi
612 4132 765 4229 principis
790 4145 822 4205 et
845 4136 949 4232 gisolfi
974 4135 1049 4207 liliis
1073 4141 1106 4204 ct
1129 4133 1304 4206 mundoeld
1320 4132 1399 4202 suis.
1416 4129 1589 4206 olleruerut
1604 4131 1640 4202 in

217 4257 428 4328 monasterio*
444 4281 505 4330 suo
527 4261 690 4332 vocabulo
712 4263 815 4332 sancti
837 4263 988 4335 laurentii
1001 4271 1199 4345 <constructo
1223 4263 1311 4333 intro
1343 4261 1427 4332 hanc
1463 4281 1641 4353 capuanam

199 4385 382 4484 civitatem
407 4387 571 4483 propingu
594 4393 690 4478 porta
713 4409 779 4480 que
803 4385 922 4458 dicitur
939 4411 1083 4481 capuana
1099 4413 1164 4484 que
1182 4387 1384 4483 supradictus
1399 4375 1550 4458 dominus
1564 4387 1641 4479 pal·
1776 4473 1780 4486 Ι

216 4513 328 4590 dolius
351 4513 515 4606 gloriosus
537 4515 688 4608 princeps
710 4515 785 4588 viro
808 4537 868 4587 suo
893 4539 912 4583 a
935 4515 1024 4585 nolo
1048 4515 1470 4606 fundamineinchoaverat
1484 4515 1589 4586 lacere
1606 4521 1640 4590 et

215 4633 314 4708 illum
337 4633 513 4709 auxiliante
530 4635 670 4739 'domino
693 4635 919 4732 compleverat.
944 4623 1029 4707 inter
1052 4633 1114 4724 alia
1143 4655 1208 4730 que
1231 4635 1362 4706 ibidem.
1378 4634 1540 4726 leguntur.
1567 4635 1638 4728 lpsn

219 4767 312 4843 curte
336 4771 370 4830 et
391 4763 486 4834 terris
508 4765 575 4836 suis
608 4765 648 4836 de
671 4764 752 4837 loco·
766 4765 894 4858 porticu
917 4787 982 4859 que
1007 4766 1132 4835 luerunt
1154 4759 1267 4832 sellicti
1290 4761 1425 4832 auriilci.
1449 4771 1481 4830 ct
1501 4759 1637 4854 integris

218 4888 389 4960 mnritcriis
413 4890 480 4962 suis
503 4891 542 4962 de
565 4889 814 4986 lococampore
838 4914 903 4988 que
925 4893 1054 4964 luerunt
1077 4889 1214 4964 demetri
1237 4887 1372 5004 aurifici.
1388 4873 1487 4986 qua'm
1505 4895 1538 4958 et
1554 4886 1639 4964 inte
1824 4887 1834 4904 ’

330 5013 392 5084 Vol.
417 5015 437 5084 l
443 5015 475 5084 V.
1262 5025 1303 5088 21
1696 5021 1698 5026 '
