4896 6522
892 565 1036 664 (roo)

907 789 1015 931 colu.

359 1109 452 1207 †1n
474 1109 607 1184 nomine
629 1109 754 1183 domini
777 1109 829 1183 dei
852 1110 1021 1184 salvatoris
1044 1111 1148 1184 nostri
1168 1111 1264 1185 lhesu
1279 1110 1399 1184 Christi
1414 1112 1594 1206 lmperante
1617 1111 1681 1182 do·
1781 1109 1843 1178 An.

268 1234 364 1305 mino
386 1241 498 1304 nostro
519 1230 637 1304 basilio
667 1253 786 1326 magno
817 1232 1010 1328 imperatore
1038 1234 1418 1330 undequinquagesimo
1445 1233 1606 1307 nectabo:
1626 1235 1681 1306 sed
1760 1239 1868 1308 1017.

270 1368 304 1430 et
326 1355 528 1432 constantino
564 1359 662 1430 trater
686 1359 756 1430 eius
779 1381 899 1451 magno
923 1361 1116 1452 inperatore
1141 1382 1227 1431 anno
1250 1359 1517 1456 quinquagesimo
1540 1359 1676 1452 quinto:

267 1479 321 1552 dic
345 1481 496 1556 vicesima
519 1481 633 1576 quinta
655 1482 775 1553 mensis
797 1481 950 1552 februarii
974 1480 1150 1554 indictione
1170 1485 1278 1574 prima
1300 1483 1449 1574 neapoli:
1474 1483 1553 1553 Vise
1576 1484 1685 1580 itaque

268 1605 374 1679 fuistis
396 1614 434 1678 tu
456 1605 607 1680 uidelicet
632 1605 763 1680 domina
785 1627 868 1678 anna
889 1605 1069 1680 venerabili
1092 1605 1253 1677 abbatissa
1270 1607 1458 1678 monasterii
1476 1610 1577 1680 saacsi
1600 1631 1687 1702 gau-

271 1731 354 1804 diosi
384 1731 575 1807 ancillarum
606 1731 684 1804 dci:
718 1755 784 1806 una
810 1755 887 1806 cum
908 1740 1032 1805 cumtas
1055 1738 1089 1802 et
1111 1727 1313 1802 uenerabiles
1348 1736 1470 1801 vestras
1499 1753 1684 1828 congrega·

267 1858 371 1930 tiones
394 1837 627 1932 monacharum
650 1862 825 1934 memorati
849 1859 950 1934 vestri
970 1857 1173 1930 monasterii:
1197 1855 1316 1928 daretis
1338 1855 1421 1928 mihi
1444 1851 1596 1931 uidelicet
1610 1881 1685 1954 gre·

267 1980 399 2073 goriuni
423 1981 529 2054 liliam
554 1982 721 2077 quondam
747 1983 836 2077 petri
858 1981 1099 2077 neapolitanum
1122 1981 1259 2053 abitator
1281 1980 1367 2054 intus
1382 1973 1517 2092 lqstello
1532 1981 1573 2054 de
1589 1985 1687 2055 cicala

264 2105 363 2178 situm
374 2128 453 2179 vero
464 2114 497 2177 at
510 2107 600 2178 nola:
617 2115 652 2176 at
664 2129 804 2180 censum
819 2106 1025 2180 detinendum
1041 2129 1100 2203 per
1111 2105 1273 2178 chartula:
1291 2107 1373 2179 idest
1387 2106 1553 2178 sexuncias
1567 2119 1688 2182 vestras

263 2227 350 2322 perti
373 2237 479 2302 vestre
502 2228 617 2302 militie
641 2231 735 2303 iuris
757 2232 937 2324 pertinente
968 2233 1139 2304 memorati
1166 2231 1265 2304 vestri
1288 2231 1475 2304 monasterii
1498 2255 1541 2304 ex
1564 2233 1688 2329 integra

265 2351 332 2422 dua
364 2352 517 2426 fundoras
549 2376 655 2427 unum
693 2355 752 2449 qui
785 2355 972 2427 nominatur
1000 2356 1041 2426 de
1064 2355 1232 2450 paulirmm
1255 2356 1313 2448 qui
1335 2357 1466 2448 ponitur
1488 2357 1575 2428 intus
1599 2365 1690 2429 curte

268 2473 420 2550 domnica
443 2477 571 2550 laelium
598 2479 658 2574 qui
686 2477 874 2550 nominatur
889 2478 930 2550 de
944 2477 1088 2550 roiulum
1109 2478 1208 2570 ipsine
1224 2479 1388 2550 territorio
1401 2480 1519 2550 nolano
1534 2501 1599 2552 una
1616 2502 1691 2551 cum

268 2603 440 2678 sexuncias
473 2612 595 2676 νοεῖτον
631 2605 718 2699 perti
750 2613 857 2677 vestre
888 2605 1004 2678 militie
1036 2607 1077 2679 de
1100 2623 1213 2678 omnes
1235 2611 1337 2674 terras
1359 2602 1461 2673 cultas
1482 2603 1535 2676 vel
1557 2605 1691 2676 incultas

272 2725 458 2822 longinquis
485 2727 539 2800 vel
562 2727 760 2824 propinquis
784 2729 852 2802 siue
875 2728 913 2800 in
934 2737 1046 2800 monte
1079 2723 1132 2798 vel
1155 2723 1191 2795 in
1212 2722 1344 2818 planum
1368 2733 1525 2819 quantum
1547 2724 1587 2796 ad
1609 2726 1693 2820 ipsas

269 2855 439 2928 sexuncias
466 2863 595 2928 vestras
616 2855 702 2950 parti
724 2863 834 2927 vestre
857 2854 973 2927 militie
998 2853 1237 2952 dememorata
1255 2849 1319 2922 dua
1334 2849 1491 2924 turndores
1499 2853 1692 2946 pertinentes

269 2985 408 3080 qualiter
439 2993 473 3056 et
506 2984 674 3080 quomodo
710 2983 874 3056 continuit
896 2984 965 3078 ipsa
989 2980 1133 3054 chartula
1157 3004 1222 3076 que
1254 2990 1292 3052 tu
1322 2961 1405 3050 mihi
1433 2981 1548 3052 exinde
1575 2979 1692 3052 lecistis

270 3135 336 3204 que
360 3134 439 3182 νοτο
462 3111 532 3202 ipsa
555 3109 702 3181 chartula
729 3111 874 3204 perditas
897 3109 1051 3183 abemus:
1076 3111 1162 3182 unde
1185 3107 1247 3179 alia
1276 3115 1309 3178 et
1338 3108 1442 3180 simile
1464 3107 1608 3182 chartula
1632 3129 1695 3202 ego

268 3229 364 3301 uobis
388 3232 486 3300 factas
512 3228 614 3300 obeo:
641 3229 740 3302 modo
763 3251 844 3301 vero
870 3231 994 3325 placuit
1016 3230 1098 3303 mihi
1111 3240 1144 3302 et
1157 3230 1252 3304 vobis
1275 3241 1312 3304 ut
1335 3232 1455 3303 iterum
1470 3251 1694 3326 rumperemus

275 3370 405 3428 omnem
428 3355 584 3448 placitum
608 3365 641 3426 et
664 3357 779 3429 ordine
811 3381 912 3452 quem
928 3359 996 3452 ipse
1011 3340 1158 3430 chartule·
1168 3358 1326 3430 continuit
1340 3367 1373 3431 et
1388 3358 1696 3432 abrenumtiaremus

275 3479 369 3550 uobis
391 3476 475 3569 ipsas
498 3475 671 3546 sexuncias
699 3485 822 3550 νοεῖτον
848 3477 967 3548 exinde
991 3477 1031 3548 de
1055 3501 1121 3572 qua
1142 3478 1285 3572 primum
1307 3479 1455 3550 omnium
1477 3500 1541 3574 ego
1563 3500 1695 3550 memo-

273 3615 347 3675 rato
370 3603 522 3698 gregorio
548 3627 607 3698 per
634 3625 694 3674 anc
722 3605 903 3677 chartulam
925 3605 1118 3698 repromitto
1142 3606 1236 3680 vobis
1261 3616 1437 3678 memorata
1460 3605 1590 3706 domina
1613 3627 1694 3678 anna

275 3728 466 3802 venerabilis
493 3729 666 3802 abbatissa.
692 3739 726 3801 et
741 3737 773 3800 at
787 3740 965 3806 memorata
977 3741 1085 3805 vestra
1098 3731 1361 3827 congregationes
1375 3731 1606 3804 monacharum
1618 3753 1696 3802 me-

268 3853 390 3924 morati
413 3851 512 3926 vestri
535 3851 750 3924 monasterii:
776 3853 854 3950 quia
877 3875 1057 3951 numquam
1080 3873 1265 3950 presummo
1288 3877 1352 3948 ego
1375 3863 1430 3924 aut
1451 3853 1585 3924 heredes
1599 3852 1692 3923 meis.

270 4001 335 4051 nec
359 3977 512 4050 obeamus
539 3977 672 4053 licentia
698 3979 873 4076 aliquando
896 3991 1043 4076 tempore
1065 4003 1126 4053 vos
1149 3988 1205 4052 aut
1227 3989 1369 4074 posteros
1391 3988 1514 4051 uestras
1529 3964 1696 4051 memora-

268 4117 374 4201 toque
397 4114 506 4177 νοεῖτο
529 4105 730 4180 monasterio
755 4108 796 4180 de
821 4105 1017 4182 memoiatas
1040 4109 1209 4181 sexuncias
1230 4115 1351 4180 vestras
1364 4105 1448 4200 parti
1462 4113 1566 4178 vestre
1580 4101 1696 4176 militie

270 4235 315 4306 de
341 4241 520 4307 memorata
542 4235 604 4306 dua
629 4237 791 4307 fundoras
808 4243 850 4304 et
865 4236 905 4305 de
919 4245 1114 4310 memoratas
1130 4257 1243 4310 omnes
1258 4244 1358 4307 terras
1375 4257 1417 4307 ex
1432 4255 1484 4306 ees
1502 4232 1696 4328 pertinentes

272 4383 354 4434 cum
379 4359 556 4434 homnibus
582 4359 630 4431 eis
652 4354 890 4455 pertinentibus
914 4359 1030 4432 exinde
1053 4385 1189 4456 querere
1203 4384 1262 4457 per
1276 4359 1401 4434 nullum
1415 4359 1550 4433 modum
1565 4379 1625 4428 nec
1638 4377 1697 4448 per

253 4511 314 4562 su
321 4487 467 4562 mmisses
489 4509 647 4582 personas
669 4485 705 4559 in
726 4493 938 4584 perpetuume
955 4497 1004 4559 set
1018 4485 1053 4556 in
1069 4497 1176 4562 vestra
1186 4491 1365 4586 vestrisque
1377 4487 1513 4582 posteris
1527 4501 1697 4554 memora-

265 4624 375 4709 toque
405 4624 515 4684 νοοῖτο
541 4609 737 4683 monasterio
759 4609 824 4684 sint
844 4617 999 4716 potestate
1022 4609 1132 4703 eique
1159 4619 1192 4680 at
1214 4631 1344 4683 censum
1367 4607 1463 4680 dandi
1484 4602 1537 4676 uel
1559 4601 1696 4697 qualiter

271 4737 395 4811 exindo
420 4739 527 4812 lacere
547 4735 737 4834 uolueritis:
756 4744 789 4809 et
810 4736 880 4830 ipsa
903 4732 1047 4807 chartula
1061 4755 1126 4832 qne
1141 4757 1203 4830 ego
1219 4733 1310 4808 uobis
1325 4730 1440 4806 exinde
1459 4727 1535 4802 tecit
1549 4736 1626 4820 aput
1637 4750 1695 4799 me

277 4865 411 4938 cabsata
434 4860 607 4960 posuistis:
632 4863 764 4958 insuper
787 4859 947 4958 promicto
968 4861 1081 4936 sobna
1105 4869 1143 4933 ut
1160 4859 1250 4936 omni
1264 4859 1482 4957 temporeego
1506 4864 1539 4928 et
1561 4853 1696 4928 heredes
