4934 6532
892 711 1038 805 (aon)

261 865 370 934 bimus
394 885 493 956 quem
518 863 553 932 in
576 871 684 933 nosue
711 865 800 935 etde
818 866 935 936 nostris
951 864 1124 940 heredibus
1140 867 1374 940 reserbabimus
1390 879 1577 962 potestatem
1595 876 1682 948 mille

260 991 438 1062 vinantinos
460 991 581 1063 solidos
597 1013 679 1084 pena
700 1011 759 1064 nos
776 1001 809 1060 et
824 993 941 1064 nostris
964 993 1136 1065 heredibus
1153 995 1246 1065 vobis
1263 996 1316 1065 vel
1330 1005 1363 1068 at
1378 999 1494 1071 restris
1511 1000 1684 1076 heredibus

261 1141 455 1211 componere
479 1117 676 1214 obligamus.
707 1129 740 1190 et
764 1121 854 1192 taciti
877 1135 909 1192 et
924 1121 1029 1216 quieti
1043 1122 1083 1194 de
1099 1123 1290 1215 personibus
1307 1126 1422 1196 restris
1438 1127 1522 1198 sicut
1538 1129 1681 1202 diximus

261 1249 356 1318 etde
382 1248 533 1320 omnibus
556 1249 652 1321 rebus
677 1259 709 1320 et
732 1249 916 1321 substantiis
945 1249 1058 1321 vestris
1083 1235 1226 1322 atbersus
1257 1251 1317 1322 bos
1344 1275 1531 1326 maneamus
1555 1277 1683 1349 semper

262 1385 398 1469 excepto
422 1378 583 1471 illutque
606 1388 642 1450 ut
664 1401 762 1472 super
785 1377 1067 1474 exceptuabimus.
1099 1389 1131 1450 et
1156 1381 1264 1452 omnia
1291 1383 1475 1475 supradicta
1491 1384 1583 1455 robis
1598 1407 1679 1478 per-

263 1499 499 1593 compleamus.
529 1511 562 1573 et
585 1503 674 1574 buno
697 1502 852 1596 seriptum
873 1502 913 1572 de
929 1501 1068 1595 qualiter
1084 1504 1227 1574 continet
1241 1505 1372 1577 firmum
1390 1517 1575 1600 permaneat
1590 1531 1682 1580 sem-

262 1649 336 1720 per.
368 1637 401 1696 et
425 1625 531 1698 taliter
553 1649 616 1720 ego
641 1627 699 1721 qni
723 1647 820 1718 supra
848 1625 945 1696 lando
968 1647 1079 1696 comes
1104 1627 1244 1720 qualiter
1267 1628 1368 1700 michi
1392 1653 1576 1722 congruum
1597 1633 1674 1703 init.
1731 1661 1733 1668 ยน

264 1765 297 1825 et
319 1767 351 1826 te
375 1757 561 1830 mirandum
585 1753 741 1827 clericum
765 1762 798 1824 et
821 1753 985 1824 noterium
1008 1752 1148 1825 scribere
1172 1755 1303 1848 rogavi.
1326 1757 1384 1849 qui
1407 1757 1600 1828 interfuisti.
1622 1779 1684 1828 rn-

264 1883 378 1954 boratn
401 1893 450 1955 est
472 1883 605 1978 scriptio
628 1886 698 1978 ipsa
721 1907 780 1979 per
803 1884 910 1979 ipsum
933 1879 992 1976 qui
1016 1901 1112 1977 snpra
1138 1881 1217 1976 lupo
1239 1884 1340 1954 index
1364 1892 1397 1952 et
1420 1883 1562 1978 qualirit
1580 1893 1613 1954 et
1627 1909 1686 1978 per

264 2010 405 2082 iohanne
428 2011 546 2084 clerico
570 2021 603 2082 et
628 2013 756 2084 notario
783 2023 816 2084 et
839 2014 941 2084 maio.
974 2025 1007 2086 et
1030 2016 1128 2085 etiam
1152 2011 1360 2105 scriptionem
1385 2013 1487 2106 ipsam
1512 2035 1574 2106 ego
1605 2023 1685 2106 aput

265 2137 323 2208 bos
347 2138 475 2210 remisi.
505 2139 555 2208 Eo
579 2139 702 2232 quippe
726 2135 863 2209 burdine
887 2148 925 2209 ut
948 2163 966 2208 a
992 2161 1078 2211 nunc
1102 2150 1135 2211 et
1158 2161 1285 2234 semper
1308 2139 1368 2210 bos
1392 2151 1424 2211 et
1447 2138 1684 2212 successoribus

263 2262 377 2331 vestris
401 2271 434 2332 et
456 2282 530 2354 pars
563 2260 773 2354 suprascripti
805 2263 904 2334 vestri
939 2263 1125 2334 monasterii
1158 2263 1209 2334 vel
1234 2263 1287 2333 cni
1311 2261 1373 2334 bec
1396 2270 1481 2333 carta
1506 2285 1566 2356 pro
1590 2273 1681 2357 parte

263 2383 470 2475 suprascripti
495 2383 594 2450 vostri
619 2383 808 2452 monasterii
832 2383 867 2452 in
891 2405 990 2452 manu
1015 2385 1159 2476 paruerit
1183 2385 1393 2478 scriptionem
1413 2387 1516 2481 ipsam
1533 2395 1611 2477 eput
1627 2383 1685 2456 bos

265 2508 426 2579 babeatis.
455 2517 488 2576 et
512 2505 643 2600 qnando
677 2527 847 2577 necessum
880 2507 977 2577 buerit
1000 2513 1033 2576 et
1056 2506 1225 2576 nolueritis
1249 2509 1411 2578 licentiam
1436 2521 1469 2580 et
1493 2521 1686 2603 potestatem

266 2631 408 2704 babeatis
431 2652 504 2702 eum
526 2627 720 2702 hostendere
743 2635 776 2700 et
799 2649 875 2700 cum
897 2647 971 2698 eam
993 2647 1126 2697 censere
1151 2635 1183 2697 et
1207 2629 1401 2698 contendere
1425 2638 1457 2698 et
1475 2650 1614 2700 omnem
1639 2631 1686 2702 fi-

267 2781 343 2830 nem
367 2762 472 2832 tacere
497 2761 537 2831 de
560 2756 776 2852 suprascripta
807 2781 878 2830 men
913 2754 1101 2827 benditione
1133 2753 1260 2826 bicibus
1294 2755 1413 2826 nostris
1435 2777 1494 2826 seu
1517 2755 1685 2850 quemme

268 2889 321 2958 vel
345 2887 483 2983 qualiter
506 2885 622 2958 melius
645 2886 814 2979 potueritis
838 2895 872 2956 et
894 2883 1063 2957 bolneritis
1087 2893 1119 2954 et
1144 2883 1292 2980 quicquit
1308 2881 1427 2954 exinde
1443 2883 1548 2958 iacere
1564 2889 1687 2975 potne-

269 3018 339 3086 ritis
363 3025 396 3084 et
418 3015 587 3087 bolueritis
609 3022 716 3085 vestm
740 3021 773 3084 et
796 3015 836 3085 de
859 3021 949 3108 parte
981 3013 1190 3107 suprascripti
1223 3012 1321 3084 vestri
1346 3011 1532 3084 monasterii
1555 3011 1597 3082 sit
1620 3035 1687 3105 po-

270 3139 408 3208 testatis.
438 3148 472 3207 et
494 3137 625 3233 qnando
649 3137 815 3210 bolueritis
847 3139 893 3208 sic
928 3139 1099 3210 &tendere
1132 3147 1164 3206 et
1192 3143 1348 3207 antedme
1373 3135 1547 3208 debeamus
1571 3157 1633 3230 ego
1657 3143 1690 3205 et

269 3283 359 3334 meos
383 3262 516 3333 heredes
539 3261 632 3334 vobis
655 3273 743 3348 etat
767 3263 1004 3336 suecessoribus
1029 3261 1143 3333 vestris
1158 3271 1191 3334 et
1208 3269 1240 3330 et
1256 3239 1572 3356 partem'snprndicti
1588 3263 1688 3332 vestri

270 3391 473 3462 monasterii.
504 3393 632 3487 Integra
657 3393 872 3488 suprascripta
896 3415 968 3464 mee
992 3391 1178 3463 benditione
1202 3391 1244 3461 ab
1268 3389 1418 3460 omnibus
1442 3387 1630 3462 bomiru'bns
1647 3387 1687 3459 ab
1813 3449 1815 3454 .

271 3521 426 3613 omnique
448 3520 595 3611 partibus
620 3543 747 3614 semper
770 3521 805 3590 in
828 3518 978 3592 omnibus
1002 3515 1180 3591 secundum
1204 3517 1402 3588 continentia
1425 3515 1466 3586 de
1489 3515 1559 3608 ipsa
1586 3513 1688 3586 bera-

271 3647 395 3715 cissima
420 3655 507 3716 certa
531 3645 727 3738 bemptionis
752 3648 845 3716 vobis
869 3671 887 3714 a
912 3667 964 3715 me
988 3651 1026 3717 nt
1051 3667 1149 3738 supra
1172 3645 1312 3715 hemissa
1336 3653 1463 3714 tantum
1483 3641 1614 3737 prendo
1630 3663 1690 3735 pro

272 3773 454 3844 deienuone
479 3773 581 3866 ipsum
603 3773 658 3843 vel
680 3774 708 3842 si
735 3772 827 3842 aliter
851 3772 937 3842 clera
961 3774 1043 3841 iacta
1066 3771 1200 3840 beritate
1224 3769 1324 3840 micbl
1349 3769 1400 3841 vel
1424 3777 1457 3838 et
1481 3768 1562 3839 meis
1590 3765 1689 3838 bere-

274 3901 367 3970 dibus
389 3921 555 3972 necessum
579 3901 693 3972 inerit.
723 3900 863 3971 debeatis
887 3900 946 3969 bos
970 3900 1024 3969 vel
1048 3919 1249 3970 successores
1274 3907 1397 3970 vestros
1418 3907 1451 3966 et
1474 3919 1548 3990 pars
1570 3917 1690 3987 supre-

276 4029 386 4120 scripti
409 4029 505 4099 vestri
530 4028 716 4100 monosterii
739 4029 792 4099 vel
816 4028 870 4097 cni
893 4026 954 4096 bec
978 4033 1065 4095 certa
1088 4045 1150 4116 pro
1165 4031 1255 4116 parte
1277 4020 1482 4114 suprascripti
1497 4019 1596 4090 vestri
1612 4037 1691 4090 mo-

276 4155 406 4229 nasterii
429 4156 463 4226 in
488 4177 585 4227 manu
609 4154 767 4250 paruerit.
799 4152 989 4223 hostendere
1013 4158 1046 4220 et
1069 4149 1147 4219 dare
1171 4145 1271 4216 michi
1296 4145 1349 4217 vel
1372 4153 1406 4214 at
1420 4143 1502 4214 meis
1519 4139 1691 4214 heredibus

278 4284 484 4376 scriptionem
517 4282 620 4374 ipsum
650 4297 716 4370 qne
748 4283 826 4367 apnt
849 4293 908 4343 vos
931 4269 1043 4342 mmisi
1068 4277 1101 4338 et
1131 4267 1171 4338 de
1195 4290 1259 4361 qua
1282 4267 1376 4336 vobis
1399 4265 1547 4359 superins
1569 4271 1691 4336 sortem

278 4411 381 4499 ipsam
406 4403 543 4475 alienabi
567 4403 601 4471 in
625 4396 757 4493 publico
781 4393 903 4468 indicio
926 4402 959 4463 at
983 4392 1192 4486 relegendum
1207 4399 1240 4460 et
1255 4389 1318 4460 fine
1334 4387 1516 4463 iaciendum
1531 4407 1609 4462 cum
1626 4404 1693 4482 qno

280 4529 376 4599 nobis
401 4547 567 4600 necmnm
591 4523 690 4596 tuerit
714 4519 806 4592 iuxta
830 4517 1005 4611 scriptione
1027 4525 1061 4586 et
1086 4537 1144 4608 per
1167 4533 1264 4584 omne
1280 4511 1350 4584 bico
1366 4511 1574 4604 scriptionem
1589 4509 1693 4602 ipsam

283 4667 362 4751 aput
387 4657 446 4727 bos
471 4665 503 4726 et
527 4664 606 4748 aput
628 4669 830 4723 mccessores
863 4657 988 4720 vestros
1020 4665 1079 4716 seu
1110 4653 1189 4736 aput
1219 4651 1343 4735 partem
1366 4637 1572 4733 suprascripti
1595 4637 1704 4722 rubi,

282 4781 470 4852 monasterii
494 4779 550 4852 vel
573 4767 652 4870 epnt
682 4775 776 4846 illum
809 4769 978 4842 bominem
1010 4767 1063 4838 cui
1088 4763 1149 4836 bec
1173 4775 1261 4834 certa
1288 4785 1349 4856 pro
1373 4771 1463 4855 parte
1487 4757 1696 4853 snprssmipti

282 4911 382 4980 ausui
406 4905 597 4978 monosterii
621 4925 721 4976 monn
744 4901 891 4996 paruerit
913 4919 972 4969 nos
996 4895 1158 4968 remittere
1183 4893 1358 4968 debeamus
1372 4889 1470 4985 quale
1485 4887 1579 4960 nobie
1592 4886 1695 4980 ipsam

283 5035 504 5106 bustenseritis
528 5043 562 5104 et
587 5029 751 5102 desieritis.
786 5028 839 5101 Sic
864 5037 973 5097 tamen
996 5033 1032 5094 ut
1057 5033 1215 5117 quantum
1241 5017 1339 5090 miebi
1364 5017 1416 5087 vel
1438 5025 1471 5086 at
1499 5011 1696 5096 meisboreยน

1360 5142 1376 5176 t
