4934 6532
906 682 1047 778 (ate)

263 849 365 920 dicata
388 850 559 916 remanent
590 841 678 928 Quia
702 840 845 914 intellexi
869 843 959 940 quod
983 844 1127 918 aistollire
1158 867 1219 920 rex
1242 850 1277 920 in
1300 849 1396 922 edicti
1421 855 1540 950 pagine
1564 861 1678 935 affixit.
1818 905 1820 909 -

264 981 301 1044 ut
324 972 352 1042 si
376 971 451 1066 quis
473 969 689 1065 langobardus
713 989 773 1062 per
796 971 952 1044 cartulam
975 971 1010 1042 in
1026 973 1160 1046 sanitate
1184 985 1240 1046 aut
1255 975 1465 1071 egritutidine
1480 1005 1531 1054 res
1548 1007 1604 1056 sua
1621 1013 1683 1059 or-

262 1097 437 1170 dinaverit.
460 1103 493 1166 et
516 1093 638 1166 dixerit
662 1117 700 1166 ea
724 1094 843 1165 babere
866 1118 925 1190 per
947 1095 1019 1168 loca
1043 1097 1248 1170 venerabilia.
1272 1100 1387 1174 stabile
1410 1104 1523 1178 debeat
1546 1131 1680 1202 perma-

262 1247 348 1294 nere.
366 1221 490 1294 ldcirco
505 1219 683 1292 conuocabi
695 1219 829 1292 domiuo
846 1219 933 1292 faido
949 1218 1064 1294 iudice.
1083 1221 1268 1294 et‘aliorum
1286 1224 1540 1321 subscriptorum
1556 1233 1683 1304 testium

261 1349 347 1420 bona
363 1347 482 1436 etenim
496 1367 569 1418 mea
585 1342 761 1416 voluntate.
778 1365 878 1438 quam
899 1353 932 1416 et
947 1365 1006 1438 per
1021 1344 1148 1418 bmam
1163 1345 1369 1420 stabilitatem
1387 1360 1461 1422 aute
1477 1375 1591 1426 eorum
1608 1381 1683 1450 pre·

261 1479 361 1551 sentia
387 1494 569 1570 congruum
593 1471 699 1544 babeo
723 1470 852 1544 offerire
875 1493 936 1565 pro
959 1473 1065 1544 anbna
1089 1475 1299 1569 meainteqra
1315 1497 1388 1548 mea
1405 1485 1680 1578 persemetipsa

259 1603 402 1700 predicta
418 1600 569 1676 aeeclesia
586 1619 662 1670 oum
674 1596 825 1670 omnibus
841 1596 939 1668 rebus
951 1595 1136 1668 substantiis
1149 1599 1229 1670 meis
1241 1599 1338 1671 simul
1354 1605 1511 1699 cumipse
1525 1608 1681 1681 monimi-

259 1755 318 1804 na.
342 1733 375 1802 in
399 1725 551 1802 amelonis
567 1723 650 1798 betti
667 1723 751 1818 petri
775 1718 929 1814 apostoli.
953 1741 1019 1814 que
1034 1720 1094 1790 sita
1110 1729 1158 1790 est
1173 1721 1209 1792 in
1225 1721 1342 1796 linibus
1358 1725 1485 1818 apuliae
1502 1727 1585 1800 intra
1598 1751 1680 1823 per-
1833 1735 1836 1740 '

259 1859 393 1930 tinentia
417 1855 458 1928 de
481 1854 594 1926 civitae
617 1873 683 1947 que
706 1849 825 1922 dicitnr
848 1845 978 1920 civitate
1000 1847 1035 1918 in
1050 1845 1153 1918 casale
1169 1869 1235 1941 que
1257 1849 1374 1926 dicitur
1390 1861 1476 1926 terre
1492 1855 1604 1926 maim
1623 1857 1680 1928 ubi

258 2003 346 2056 nuuc
370 1983 433 2054 deo
457 1978 632 2056 auxiliante
656 1975 788 2050 domiuo
804 1973 944 2046 iohanne
958 1970 1153 2044 venerabilis
1167 1972 1264 2048 abbas
1281 1975 1428 2069 regimen
1452 1986 1560 2052 tenere
1583 1983 1678 2074 vide-

258 2119 321 2184 tur.
335 2110 399 2182 boc
414 2107 463 2182 ast
475 2106 624 2180 omuibus
639 2105 737 2176 rebus
751 2099 935 2173 substantiis
948 2099 1039 2172 meis.
1056 2100 1153 2172 simul
1166 2123 1242 2173 cum
1257 2104 1400 2197 predicta
1415 2107 1566 2196 aeeclesia
1578 2111 1676 2182 simul

257 2261 334 2310 enm
350 2237 428 2328 ipsis
441 2231 624 2304 codicibus..
634 2230 717 2300 idest
730 2228 794 2300 due
809 2226 935 2300 omelie.
954 2237 1068 2300 etune
1084 2227 1166 2302 liber
1177 2233 1307 2306 comita.
1321 2241 1355 2302 et
1369 2257 1437 2318 uuo
1450 2235 1676 2330 antiphonario

257 2365 298 2434 de
317 2367 430 2432 nocte.
452 2368 485 2426 et
499 2355 671 2424 medietate
686 2351 728 2420 de
743 2371 812 2420 uun
827 2351 1058 2442 antiphonario
1071 2356 1113 2424 de
1129 2357 1199 2426 die.
1218 2365 1252 2428 et
1266 2381 1335 2432 nno
1350 2362 1534 2456 ymnoario.
1560 2373 1593 2432 et
1609 2383 1675 2434 uno
1713 2431 1718 2436 .

257 2483 424 2582 pedurio.
456 2485 490 2548 et
511 2473 682 2546 medietate
706 2473 746 2542 de
771 2493 834 2543 unu
857 2493 1011 2564 campana
1033 2495 1109 2544 cum
1132 2481 1222 2548 eneis.
1238 2483 1430 2557 intrinsecus
1444 2487 1682 2558 entecnius.

259 2611 369 2684 curtis.
394 2615 427 2678 et
449 2599 593 2698 predicta
616 2593 769 2668 aeeclesia
793 2615 870 2666 cum
892 2591 1044 2666 omnibus
1060 2593 1229 2682 ordinibus
1252 2600 1331 2670 suis.
1354 2602 1444 2693 quod
1460 2626 1545 2675 nnuc
1564 2605 1677 2678 babeo.

258 2747 291 2812 et
314 2735 404 2832 quod
427 2732 461 2803 in
485 2737 577 2800 antm
601 2725 772 2797 adiuuante
787 2719 921 2794 domiuo
936 2745 1049 2816 parere
1063 2733 1100 2796 nt
1112 2726 1304 2822 conquirere
1320 2737 1474 2824 potuero.
1497 2729 1614 2804 sivein
1630 2735 1679 2804 ci-

256 2855 410 2931 vitatibus
425 2862 459 2924 et
473 2847 626 2922 cmtellin
648 2843 702 2918 rel
718 2847 820 2918 toras.
842 2867 902 2940 per
921 2846 1086 2920 casalibus.
1101 2856 1198 2944 atque
1214 2871 1273 2944 per
1289 2849 1426 2946 singulis
1440 2851 1528 2925 locis
1545 2861 1579 2926 et
1595 2855 1678 2926 ubi-

257 3003 397 3077 cumque
420 2977 502 3050 mihi
527 2975 624 3047 inerit
646 2971 839 3068 pertinentia
871 2974 958 3045 intua
981 2974 1112 3048 ciuitate
1134 2985 1245 3048 monte
1267 2977 1401 3050 corbino
1425 3001 1524 3074 mam
1550 3005 1570 3050 a
1593 2981 1675 3052 loris

257 3111 368 3185 vineis.
391 3106 534 3180 vinealis
558 3103 660 3174 terris.
686 3102 817 3196 campie.
839 3101 937 3174 ailbis.
961 3103 1064 3197 aquis.
1087 3105 1198 3200 pratis.
1222 3107 1379 3203 pasqueis.
1406 3107 1575 3182 arboribus
1598 3110 1674 3182 tru-

258 3233 464 3311 criterium]
489 3230 708 3304 infructiferis.
735 3231 775 3302 de
800 3230 927 3324 peculia
950 3232 1075 3303 maiore
1097 3232 1151 3324 ud
1168 3232 1511 3307 minorationis.
1539 3236 1599 3308 uel.
1614 3261 1676 3309 an-

257 3365 350 3438 cillis.
377 3363 418 3435 de
440 3358 538 3456 pauni
562 3357 640 3428 linei
662 3356 715 3430 uel
738 3356 833 3428 lanei.
858 3357 898 3430 de
921 3358 1010 3430 terro
1031 3367 1064 3430 et
1086 3381 1187 3432 rame.
1213 3361 1253 3431 de
1277 3383 1359 3433 auro
1377 3369 1411 3432 et
1436 3367 1674 3454 agnomento

255 3493 364 3564 omnia
386 3491 512 3584 integra
535 3509 608 3557 mea
631 3485 800 3559 oll'ertioue
832 3486 923 3559 velut
951 3487 1129 3582 preleqitur
1159 3487 1233 3559 dedi
1257 3495 1290 3560 et
1314 3488 1431 3562 ualidi
1456 3488 1516 3558 tibi
1540 3487 1676 3560 (1οωὶηο

255 3617 410 3688 iohannes
432 3609 609 3685 vanomttt
633 3609 749 3694 abbati
774 3619 807 3680 et
828 3633 908 3704 erqn
922 3621 955 3683 te
979 3619 1100 3684 astante
1124 3618 1223 3705 utque
1247 3611 1421 3704 recipiente
1439 3611 1571 3682 domiuo
1596 3613 1675 3683 lan·

123 3805 128 3814 .
256 3745 346 3817 dolto
370 3739 562 3809 minatore
584 3741 644 3802 tuo
666 3740 700 3802 et
721 3739 868 3828 posteros
891 3743 1029 3807 vestros.
1055 3755 1156 3827 esque
1178 3736 1268 3804 omni
1294 3735 1516 3806 contrmietate
1532 3735 1607 3805 mea
1624 3735 1678 3805 ((1

255 3871 295 3939 (1(
320 3865 400 3936 meis
422 3854 595 3930 beredibue
618 3863 674 3926 aut
696 3856 869 3928 cuiuslibet
881 3855 1009 3928 bomini
1024 3854 1205 3927 contradidi
1221 3856 1294 3927 dedi
1310 3866 1343 3926 et
1359 3855 1474 3928 madidi
1491 3855 1531 3926 ad
1550 3853 1676 3926 baben-

255 3997 334 4066 dum
350 3999 383 4066 et
403 3981 639 4084 possideudm.
663 3990 696 4053 et
712 3982 821 4054 omnia
835 3981 954 4054 exinde
969 3981 1150 4053 laciendum
1167 3981 1305 4073 qualiter
1322 3990 1377 4052 tua
1393 3982 1542 4053 uoluntas
1558 3990 1623 4051 est.
1644 3989 1678 4052 et

255 4123 295 4193 (1(
318 4119 382 4192 tuis
403 4108 646 4210 posterioribus.
664 4107 720 4178 ‘El
742 4106 862 4201 quilute
885 4105 969 4178 bane
993 4104 1160 4176 oliertione
1183 4124 1256 4174 mea
1279 4104 1402 4176 cumula
1427 4104 1618 4200 obligante
1645 4115 1679 4178 et

255 4250 336 4321 meis
359 4241 540 4316 heredibus.
563 4235 623 4308 tibi
646 4233 781 4306 domim
804 4233 944 4304 iobanne
968 4230 1159 4304 venerabilia
1183 4231 1281 4303 abbas
1304 4243 1337 4304 et
1362 4231 1402 4304 ad
1419 4233 1484 4304 tuis
1501 4252 1676 4308 suceesso-

214 4407 219 4415 1
255 4376 345 4446 ribus
368 4392 434 4464 que
455 4373 600 4438 rectores
622 4371 697 4440 suut
718 4367 826 4430 sancte
842 4357 941 4428 buius
955 4355 1142 4429 aecclesiae.
1164 4359 1254 4452 quod
1267 4357 1295 4429 si
1313 4379 1372 4430 nos
1387 4359 1517 4431 urente
1531 4369 1588 4432 rut
1604 4369 1680 4455 post

257 4503 383 4572 obitum
407 4503 563 4568 nostrum
590 4491 658 4564 sive
681 4511 739 4584 per
762 4509 831 4560 nos.
855 4509 912 4558 eeu
928 4484 969 4558 de
986 4484 1223 4580 qualecumque
1246 4485 1287 4558 de
1303 4485 1422 4556 uostris
1436 4484 1626 4559 heredibus.
1648 4489 1677 4560 si

258 4627 330 4696 illut
353 4605 522 4694 remouere
554 4617 608 4692 uel
631 4623 796 4687 retorsere
828 4610 1051 4706 quesierimus.
1082 4618 1137 4680 aut
1161 4609 1190 4680 si
1212 4629 1273 4681 nos
1296 4609 1373 4704 ipsis
1396 4632 1440 4682 ex
1463 4610 1579 4710 eadem
1603 4633 1676 4683 mea

258 4749 424 4820 ollertione
449 4739 686 4815 conseverimus
708 4736 876 4809 uobiscum
900 4743 955 4805 ant
974 4751 1051 4806 cum
1075 4729 1189 4805 vonis
1204 4730 1451 4825 posterioribus,
1475 4752 1534 4826 per
1548 4729 1679 4828 qualis-

259 4895 402 4967 cumque
420 4869 527 4942 mndis
550 4864 602 4940 vel
625 4863 765 4962 ingenie
791 4859 965 4934 volendum
986 4871 1019 4932 et
1027 4907 1189 4931 ........
1201 4857 1291 4955 quod
1307 4857 1419 4930 tollere
1435 4859 1489 4931 rel
1505 4859 1670 4932 minume.

259 5025 316 5072 seu
340 5002 379 5070 de
402 5005 510 5070 vestra
534 4993 699 5068 mbtruere
724 4999 898 5086 potestate.
928 4997 961 5062 et
985 4987 1164 5082 posthanc
1187 4983 1345 5058 cartulam
1366 5033 1520 5060 .......
1549 4995 1677 5063 ostensa

367 5126 429 5198 Vol.
453 5129 476 5198 1
480 5125 512 5195 V.
1346 5121 1391 5187 to
