4940 6518
1443 566 1457 662 i
1482 573 1523 640 1⁰
1547 561 1560 662 )

771 733 932 802 testatem.
958 733 992 798 et
1015 747 1034 796 e
1056 745 1132 809 nuo¹
1145 731 1179 800 et
1203 723 1352 818 deinceps
1382 746 1400 793 a
1423 721 1518 794 nobis
1541 717 1635 793 vobis
1659 724 1692 790 et
1715 739 1774 814 per
1794 739 1853 793 sos
1869 699 1906 792 in
1929 717 2045 796 eadem
2069 727 2200 822 magine
2293 724 2299 736 '

771 854 814 925 sit
836 851 1069 925 venumdatum
1093 859 1125 923 et
1148 848 1348 921 traditumin
1362 852 1467 918 vesun
1489 844 1712 938 posterisque:
1737 843 1872 916 vosteris
1887 852 1920 916 et
1935 845 1976 918 de
1991 845 2098 922 eidem
2123 874 2199 923 ma-

771 983 847 1077 gine
870 981 912 1053 sit
933 990 1088 1075 potestate
1112 979 1152 1051 ad
1175 977 1336 1050 ubendum
1358 977 1394 1046 in
1416 971 1658 1064 sempiternum.
1683 981 1716 1043 et
1739 995 1847 1068 neque
1864 999 1883 1044 u
1898 974 1994 1047 nobis
2012 991 2196 1054 memorato

686 1105 691 1115 ’
772 1108 929 1184 anastasio
952 1122 984 1182 et
1005 1108 1144 1179 iohanne
1167 1127 1225 1176 seu
1248 1101 1400 1196 gregorio
1430 1097 1567 1172 uterinis
1589 1099 1753 1192 germanis
1776 1123 1883 1194 neque
1906 1127 1926 1172 a
1949 1105 2070 1176 neuris
2093 1105 2195 1182 here-

771 1238 865 1310 dibus
888 1235 977 1306 nullo
1000 1243 1144 1321 tempore
1167 1247 1347 1319 numquam
1371 1243 1431 1295 vos
1446 1230 1627 1294 memorato
1642 1220 1776 1294 domino
1791 1222 1901 1316 sergio
1916 1227 2094 1308 venerabili
2111 1253 2194 1324 pre-

769 1362 964 1454 sbyteroaot
978 1353 1115 1448 posteris
1139 1351 1255 1424 vestris
1278 1349 1332 1422 vel
1354 1355 1531 1425 memorato
1553 1347 1683 1442 megine
1705 1346 1796 1442 quod
1819 1346 2062 1426 elestatensis
2077 1356 2196 1426 exinde

634 1509 638 1516 ·
770 1483 942 1580 aliqumdo
966 1501 1173 1576 quecumque
1196 1475 1415 1572 requesitione
1439 1483 1495 1552 uut
1517 1473 1665 1549 molestia
1687 1495 1747 1566 per
1769 1471 1896 1546 nulium
1911 1476 2047 1552 notun
2063 1501 2124 1550 nce
2139 1502 2199 1572 per

772 1607 950 1682 summissis
972 1603 1119 1700 personis
1142 1601 1186 1677 bu
1208 1625 1296 1676 nuno
1319 1609 1352 1672 et
1374 1601 1586 1695 imperpetnis
1610 1598 1819 1694 temporibus
1843 1599 1978 1696 lmupm
2000 1604 2093 1676 omni
2108 1613 2193 1676 m.

769 1756 849 1828 pore
872 1753 932 1804 nos
955 1739 988 1800 et
1010 1727 1142 1804 herodes
1165 1728 1283 1800 nostris
1307 1727 1424 1802 eunde
1447 1749 1490 1798 ur
1512 1726 1619 1799 omnis
1641 1725 1792 1800 homiues
1814 1726 1974 1822 omnique
1987 1751 2141 1823 possm
2156 1733 2192 1806 in
2272 1835 2275 1842 ,

774 1857 924 1932 omnibus
948 1853 1040 1927 vobis
1064 1853 1288 1949 pontumque:
1313 1853 1428 1966 restpis
1450 1861 1484 1925 et
1497 1861 1530 1924 ut
1546 1861 1723 1927 memoratu
1746 1853 1877 1948 megine
1899 1863 2058 1926 mustea
2082 1865 2116 1928 et
2135 1859 2196 1928 de.

775 1987 898 2057 tensare
922 1983 1113 2055 debeamusr
1137 2003 1198 2076 pro
1221 2001 1262 2051 eo
1287 1979 1377 2075 quod
1400 1978 1602 2072 imponentis
1624 1977 1806 2074 accepimus
1821 1977 1950 2050 avebo
1964 1979 2090 2055 exinde.
2106 1981 2194 2054 idest

660 2109 663 2119 “
776 2115 847 2184 auri
879 2115 941 2184 tui
973 2111 1087 2204 viginti
1119 2110 1158 2183 de
1190 2111 1264 2182 illos
1287 2108 1403 2204 viginti
1426 2115 1579 2204 quattuor
1601 2107 1664 2178 tari
1687 2129 1786 2202 quem
1809 2109 1972 2202 quondum
1994 2118 2196 2182 memoratus

777 2239 830 2308 leo
854 2237 985 2332 reliquit
1009 2259 1069 2332 pro
1092 2259 1160 2309 sua.
1184 2236 1290 2306 anima
1321 2235 1357 2305 in
1384 2241 1561 2305 memorata
1583 2233 1711 2328 megine
1735 2234 1771 2305 in
1795 2253 1927 2306 omnem
1950 2234 2113 2308 decisione
2136 2259 2195 2308 seu

777 2363 1003 2437 deliberatione
1017 2387 1026 2433 ι
1039 2363 1136 2448 Quin
1160 2363 1204 2434 ite
1227 2345 1320 2434 nobis
1343 2361 1558 2470 complacuita
1584 2361 1619 2434 Si
1642 2369 1751 2435 eutem
1774 2383 1834 2433 nos
1849 2359 1904 2434 uei
1917 2360 2053 2434 heredes
2077 2363 2196 2434 metris

775 2491 892 2586 quobis
916 2497 1060 2583 tempore
1083 2497 1196 2560 contra
1220 2511 1279 2560 nnc
1294 2487 1483 2562 einardulum
1507 2488 1703 2562 venditionis
1726 2497 1764 2560 ut
1795 2483 1893 2582 super
1919 2488 2051 2584 ¹legitur
2082 2488 2194 2562 benus

775 2614 1043 2707 presumserimus
1066 2624 1098 2688 et
1120 2613 1156 2684 in
1179 2607 1303 2708 'aliquid
1321 2612 1436 2686 offensi
1462 2612 1621 2686 fuerimus
1643 2633 1702 2707 per
1724 2611 1843 2708 quobis
1866 2611 2002 2686 modom
2025 2622 2083 2688 unt
2106 2637 2199 2688 sum·

777 2744 883 2817 missis
905 2743 1051 2838 personis
1074 2751 1145 2813 tum
1168 2741 1393 2835 componimus
1415 2740 1510 2815 uobis
1531 2743 1753 2839 posterisque:
1782 2743 1895 2816 uestris
1910 2749 1943 2816 et
1967 2741 2004 2814 in
2018 2753 2197 2816 memoratu

780 2845 911 2964 magite
943 2867 1015 2938 nuri
1039 2865 1159 2940 solidos
1181 2865 1351 2940 duodecim
1372 2867 1598 2963 bytbiunteos:
1617 2875 1651 2940 et
1665 2866 1727 2941 bec
1749 2865 1895 2939 chumuln
1908 2877 1947 2941 ut
1960 2891 2058 2964 super
2079 2867 2198 2963 legitur

627 3042 634 3056 ,
780 2991 823 3062 sit
846 2990 959 3061 firma:
985 2991 1100 3084 scripta
1123 3013 1181 3086 per
1204 3013 1318 3066 munus
1345 2989 1433 3070 teoni
1456 2989 1585 3063 curtulis
1612 2989 1753 3064 scribere
1779 2997 1993 3087 rogatospcr
2015 2989 2196 3064 indictione

656 3189 658 3192 .
781 3125 960 3188 memoratu
982 3115 1221 3212 quintadecima
1244 3115 1275 3212 †

877 3239 940 3312 boc
963 3239 1093 3337 signum
1120 3239 1152 3338 †
1175 3261 1292 3340 munus
1324 3240 1495 3316 memorati
1526 3238 1674 3312 iohannis
1706 3247 1739 3311 et
1769 3239 1914 3335 gregorii
1941 3239 2089 3336 germem
2113 3239 2201 3338 quod

782 3389 844 3462 ogo
875 3367 935 3463 qui
965 3377 1161 3441 memoratos
1191 3389 1252 3460 pro
1281 3368 1329 3444 eiu
1357 3366 1532 3461 subscaipsi
1554 3379 1588 3439 ct
1610 3365 1781 3440 memorati
1804 3367 1866 3440 tui
1889 3369 2053 3440 mutorum
2081 3389 2203 3460 perce·

880 3618 1025 3713 †uro
1047 3625 1336 3695 mcuusoonc
1347 3591 1469 3695 'o'ou‘u
1493 3618 1525 3715 †
1688 3673 1696 3682 .

880 3743 912 3838 †
935 3745 1008 3840 Ego
1030 3735 1185 3818 iohinuos
1207 3746 1343 3839 scriptor
1366 3753 1498 3839 rogatus
1521 3767 1540 3814 a
1562 3747 1748 3820 memoratis
1763 3744 1926 3844 gumuuit
1940 3745 2015 3820 tosti
2029 3743 2202 3840 subscripsi

786 3883 821 3942 et
844 3873 1013 3948 memorati
1035 3873 1097 3946 uri
1120 3873 1284 3948 murone
1306 3873 1485 3970 perocp'use
1508 3871 1540 3966 †

882 3999 913 4095 †
936 4023 999 4104 ego
1029 4002 1155 4098 sergius
1187 4001 1271 4076 filius
1299 4001 1423 4078 domiui
1454 4002 1567 4076 steimi
1598 4011 1731 4100 rogetus
1753 4029 1773 4077 a
1796 4002 2017 4100 suprascriptis
2039 4003 2201 4100 germanis

700 4187 704 4196 .
787 4128 862 4202 testi
885 4126 1058 4222 subscripsi
1082 4135 1116 4199 et
1137 4127 1346 4222 suprascripti
1369 4126 1430 4200 tuti
1457 4127 1621 4202 confessus
1642 4128 1822 4224 percepisse
1844 4128 1878 4225 †
2069 4159 2074 4172 ·

880 4254 1006 4350 †Ego
1029 4254 1184 4330 iohannes
1215 4252 1346 4328 cunulis
1369 4263 1403 4328 et
1425 4253 1610 4328 mutarim
1636 4261 1769 4350 rogetus
1791 4277 1811 4326 a
1833 4255 2021 4330 memoretis
2041 4254 2202 4350 germanis

785 4383 874 4456 testis
895 4381 1069 4476 subscripsi
1091 4389 1125 4454 et
1147 4380 1317 4458 memorati
1341 4381 1403 4454 tari
1425 4381 1588 4457 contemne
1612 4378 1793 4476 percepisse
1814 4376 1847 4476 †

877 4511 1004 4609 †Ego
1026 4510 1079 4583 leo
1100 4507 1239 4582 doridis
1263 4509 1321 4610 qui
1344 4519 1539 4582 memoratos
1561 4518 1634 4602 post
1657 4507 1925 4604 subscriptionem
1947 4507 2078 4584 mtium
2101 4527 2200 4579 com·

783 4637 872 4730 pleri
895 4645 928 4708 et
950 4635 1073 4711 absolvi
1096 4629 1156 4733 per
1177 4635 1352 4712 indictione
1373 4643 1551 4711 memoratu
1575 4631 1859 4754 quintodecimul·
