4888 6528
1448 533 1595 646 (apost
1715 485 1719 504 ’

1424 808 1585 894 Cssssffl.

652 1093 715 1163 Αῃ,
887 1081 918 1171 pv
943 1079 980 1147 in
1002 1074 1133 1145 nomme
1156 1067 1280 1142 domini
1304 1067 1356 1142 dei
1380 1055 1549 1138 salvatoris
1563 1065 1668 1150 nostri
1682 1063 1777 1142 uren
1792 1066 1913 1142 Christi
1929 1072 2127 1167 tenporibus
2147 1075 2220 1150 do-

623 1229 715 1296 me
729 1249 748 1286 ‚.
793 1203 875 1276 mini
908 1199 1004 1292 sergii
1038 1197 1171 1292 gloriosi
1203 1193 1294 1266 ducis
1323 1202 1357 1265 et
1379 1189 1555 1286 imperialis
1578 1191 1714 1285 patrieii.
1738 1217 1825 1271 anno
1849 1196 2007 1268 vicesimo
2040 1204 2148 1292 prime
2164 1212 2217 1275 -et

792 1328 908 1400 oetabo
932 1348 1017 1398 anno
1040 1323 1165 1400 domini
1180 1321 1330 1394 ieimnnis
1353 1307 1488 1414 gurion
1503 1309 1598 1394 dicis
1610 1315 1672 1388 filii·
1684 1317 1755 1390 eius
1769 1319 1821 1396 die
1838 1321 2076 1416 quintadecima
2095 1326 2217 1397 mensis

791 1453 896 1546 musti
921 1449 1097 1524 indictione-
1118 1445 1231 1540 quinta
1254 1442 1370 1524 amalfi·
1396 1442 1529 1527 Cottam
1550 1446 1599 1520 est
1628 1461 1680 1520 ute
1711 1440 1814 1530 blettu
1845 1443 1957 1522 relicta
1987 1445 2056 1526 ursi
2088 1448 2215 1522 mance

791 1606 812 1650 a
844 1576 985 1674 presenti
1014 1577 1066 1650 die
1098 1553 1316 1667 promtissima
1351 1571 1514 1645 voluntate
1543 1569 1683 1650 wribero
1714 1581 1747 1642 et
1771 1569 1899 1653 firmare
1926 1571 1997 1644 risa
2021 1595 2094 1646 sum
2117 1575 2209 1648 robis

770 1704 934 1778 ¹iohanne
966 1702 1006 1776 de
1037 1699 1270 1780 amatunam
1302 1697 1482 1775 chartulam
1512 1697 1715 1774 firmationis.¹
1744 1720 1806 1801 pro
1838 1721 1879 1776 eo
1902 1701 1992 1796 quod
2014 1701 2207 1774 venundedit

794 1831 889 1904 vobis
917 1827 1070 1904 iohannes
1100 1825 1187 1898 fidius
1211 1845 1304 1896 mens
1336 1823 1431 1911 taneio
1463 1823 1526 1900 due
1558 1841 1656 1917 quem
1691 1821 1863 1900 munimus
1893 1833 1927 1900 nt
1957 1823 2151 1902 nlcmoeltu
2173 1825 2210 1899 in

793 1957 862 2050 ipsa
886 1955 987 2047 cripta
1011 1962 1043 2024 et
1066 1951 1101 2022 in
1124 1951 1193 2044 ipsa
1217 1959 1302 2034 terra
1326 1969 1428 2031 vacua
1449 1953 1555 2044 'quern
1577 1946 1675 2028 nobis,
1694 1957 1728 2021 et
1749 1947 1934 2043 apredietis
1950 1948 2118 2025 ffliismeis
2143 1953 2214 2022 oh-.

793 2080 904 2150 benire
929 2075 1042 2149 hebuit
1062 2074 1105 2148 de
1121 2072 1262 2170 predicta
1279 2083 1363 2148 terra
1379 2083 1411 2143 et
1428 2071 1467 2152 de
1483 2071 1625 2166 prediota
1641 2069 1751 2166 eripta,
1769 2081 1801 2140 et
1815 2070 1959 2144 chartula
1979 2071 2075 2153 uobis
2088 2075 2208 2148 exinde

793 2207 847 2278 ille
871 2206 963 2277 iecit.
995 2203 1059 2280 tam
1083 2203 1281 2296 quesivimus
1305 2223 1364 2272 nos
1389 2222 1447 2272 uos
1471 2199 1597 2276 exinde.
1621 2209 1654 2274 et
1676 2197 1811 2298 feeinntn
1830 2197 1996 2276 vobiscum
2019 2201 2094 2272 inde
2119 2205 2214 2274 ordis

643 2363 645 2366 ·
793 2355 869 2406 uem
896 2345 928 2406 et
952 2333 1207 2404 convenientiam
1231 2353 1271 2401 eo
1295 2332 1383 2426 quod
1406 2330 1441 2400 in
1464 2328 1533 2422 ipsa
1555 2328 1699 2404 chartula
1721 2351 1782 2424 ego
1807 2328 1907 2422 posita
1929 2351 1997 2402 non
2011 2332 2069 2406 tui.
2100 2331 2219 2406 dedisti

793 2434 888 2534 nobis
912 2456 1028 2528 exinde
1053 2455 1125 2526 auri
1148 2453 1242 2524 solidi
1266 2477 1324 2526 sex
1347 2464 1380 2524 et
1404 2475 1462 2525 nes
1486 2453 1581 2526 uobis
1601 2454 1717 2526 exinde
1738 2453 1910 2526 &mamut-
1928 2461 1967 2532 ut
1980 2455 2117 2550 qmnter
2140 2457 2211 2550 ipsa

792 2586 1008 2681 suprascripta
1040 2581 1186 2656 chartula
1216 2581 1359 2656 renunes
1390 2581 1479 2676 quod
1511 2579 1604 2654 vobis
1627 2578 1742 2655 exinde
1767 2579 1932 2672 predictus
1951 2580 2107 2658 iohannes
2128 2583 2210 2656 fitius

793 2733 887 2798 naeus
910 2712 972 2784 teci
995 2717 1028 2783 et
1050 2711 1157 2784 taliter
1182 2731 1241 2785 eus.
1262 2731 1319 2778 vos
1342 2719 1375 2779 et
1398 2707 1513 2779 uestris
1536 2707 1669 2796 heredes
1701 2706 1822 2782 habere
1859 2706 2011 2780 debeatis.
2045 2708 2073 2780 si
2101 2709 2214 2802 quasis

795 2842 935 2930 humana
958 2859 1095 2933 perenm
1118 2860 1236 2934 magna
1259 2857 1319 2914 seu
1341 2857 1440 2934 parua
1470 2843 1637 2912 extraneas
1665 2833 1718 2908 uel
1746 2835 1788 2909 de
1817 2853 1934 2928 genere
1962 2841 2071 2906 neuun
2099 2843 2214 2906 eontra

797 2970 880 3042 hane
903 2969 1082 3052 chartulam
1106 2969 1215 3044 uenire
1238 2968 1467 3063 presumpserit
1490 2975 1522 3040 et
1544 2988 1607 3041 nos
1627 2967 1680 3042 rel
1701 2966 1816 3042 vestris
1839 2965 1971 3042 heredes
1990 2963 2104 3035 exinde
2127 2985 2213 3055 ques

793 3095 882 3168 sierit
905 3104 960 3166 aut
985 3103 1105 3175 ,eontra
1136 3093 1225 3182 venit
1258 3093 1372 3166 habeat
1404 3091 1615 3186 illa-persnas
1639 3091 1807 3164 anathema
1837 3101 1871 3162 et
1901 3087 2155 3172 meledictionem
2192 3113 2212 3160 a

791 3231 883 3318 patre
905 3231 939 3293 et
962 3219 1029 3310 idio
1053 3229 1085 3291 et
1108 3219 1237 3318 spiritui
1259 3231 1368 3292 saneto
1392 3229 1425 3292 et
1448 3231 1573 3318 partem
1595 3219 1712 3304 habeat
1734 3244 1810 3294 eum
1826 3222 1902 3294 iuda
1916 3219 2068 3294 traditore
2092 3220 2215 3300 domini

776 3343 893 3424 'noem
917 3346 1009 3420 ihesu
1032 3345 1144 3428 eleristi
1169 3357 1202 3418 et
1225 3357 1396 3443 componat
1419 3344 1511 3422 robis
1534 3349 1605 3422 auri
1631 3347 1748 3422 solidos
1776 3351 1908 3446 triginta
1931 3359 1962 3421 et
1985 3351 2049 3421 hee
2068 3347 2208 3434 chartula

791 3475 834 3550 tit
856 3475 949 3558 timna
972 3475 1209 3568 imperpetuum
1233 3485 1266 3546 et
1290 3497 1507 3548 memoramus
1535 3487 1573 3549 ut
1596 3499 1615 3546 a
1639 3485 1727 3571 porte
1749 3477 1790 3548 de
1812 3476 1892 3569 ipsisv
1912 3475 1985 3546 filiis
2008 3477 2126 3548 nostris
2150 3496 2206 3548 nes

791 3597 895 3690 quind
919 3597 1080 3668 nolemus.
1106 3607 1140 3666 et
1163 3595 1286 3676 nuliam
1310 3595 1559 3692 requesitionern
1583 3599 1626 3674 ah
1647 3597 1709 3676 illis
1732 3595 1847 3670 exinde
1870 3595 2025 3684 habeatis.
2050 3619 2128 3670 eurn
2151 3619 2211 3668 su*

589 3695 592 3702 ¹
691 3715 693 3724 ’
791 3719 967 3818 prescripta
990 3713 1129 3812 obligata
1152 3739 1234 3814 pena
1257 3726 1290 3792 et
1311 3717 1583 3822 meledictione†
1604 3743 1666 3818 ego
1682 3719 1806 3816 sergius
1821 3717 1888 3808 filio
1904 3719 2027 3806 demini
2043 3718 2130 3791 leoni
2145 3743 2209 3790 ea*

799 3847 883 3924 nella
902 3847 989 3926 testis
1005 3872 1076 3924 sum
1597 3833 1599 3836 ⁵

890 3975 1018 4070 †Ego
1042 3996 1156 4062 mauro
1181 3973 1249 4054 fifio
1272 3976 1381 4070 sergio¹
1402 3977 1443 4050 de
1466 3977 1669 4055 constentino
1694 3978 1732 4066 de
1756 3976 1908 4071 leopardo
1931 3975 2022 4051 testis
2047 3997 2120 4059 snm

892 4105 925 4198 †
947 4105 1019 4200 Ego
1042 4104 1197 4192 iohannes
1221 4103 1306 4179 ttius
1329 4106 1434 4176 nirete
1455 4084 1518 4196 filii
1540 4104 1745 4198 torpatharisi
1771 4077 1859 4176 testis
1883 4125 1956 4188 suna

892 4230 924 4322 †
949 4231 1018 4322 Ego
1042 4234 1263 4310 constantinus
1286 4234 1390 4302 scrira
1414 4233 1535 4324 scripsi.
