4888 6528
1362 781 1407 802 '-
1456 651 1599 750 (eos)

904 823 1043 922 ssot
1064 833 1185 908 neor
1207 826 1261 890 ⁸10
1283 821 1335 914 up
1358 807 1524 933 Qi-

828 1001 833 1008 .
903 943 1054 1042 †nro
1075 950 1197 1016 enon
1218 947 1331 1014 snus
1354 949 1417 1016 nr
1439 935 1596 1052 rnss

904 1065 1056 1162 †uro
1079 1069 1332 1140 succurere
1354 1036 1460 1138 uei
1472 1057 1638 1154 cors†
1706 1113 1711 1122 .

907 1189 1035 1288 †llgo
1058 1187 1212 1262 ieiune·
1235 1187 1369 1262 eurialo
1391 1188 1481 1262 testis
1504 1186 1680 1284 subscripsi
1705 1184 1738 1284 †

909 1317 943 1416 †
966 1335 1029 1414 ego
1051 1315 1227 1390 theodores
1248 1311 1334 1386 lilios
1357 1311 1482 1386 domini
1505 1311 1653 1384 iohannis
1677 1311 1766 1386 testis
1788 1311 1960 1412 subscripsi
1984 1313 2018 1414 †

908 1439 942 1538 †
963 1463 1027 1540 epo
1048 1439 1203 1514 iohannes
1225 1439 1310 1514 filies
1332 1439 1460 1514 domini·
1477 1437 1589 1510 meieni
1601 1435 1686 1544 tmti
1708 1437 1926 1536 subscripei†

912 1571 1039 1668 mo
1070 1569 1195 1666 mulus
1224 1569 1398 1664 primarius
1430 1563 1597 1662 compleri
1630 1575 1664 1638 et
1693 1563 1815 1640 ebsolrl
1838 1589 1896 1662 per
1932 1581 2110 1642 memoror
2139 1573 2240 1670 quires

825 1701 1004 1778 indictione
1024 1695 1058 1796 †

1428 2067 1652 2144 CCCXXXVL

920 2341 952 2440 †
974 2343 1011 2415 lu
1033 2339 1164 2415 nemine
1186 2341 1307 2416 domini
1329 2339 1381 2413 dei
1394 2338 1567 2412 Sdrstoris
1581 2337 1683 2410 nostri
1696 2336 1792 2410 llresn
1812 2335 1947 2410 Christi:
1974 2339 2016 2411 da
2031 2351 2105 2436 post
2118 2341 2247 2420 ,tremi-

829 2485 899 2548 tum
921 2473 1054 2548 domino
1068 2469 1267 2542 mnstsutim
1289 2467 1411 2562 migne
1433 2465 1628 2564 imperatore
1644 2487 1730 2540 enne
1746 2467 1907 2541 secundo:
1935 2466 1987 2542 die
2001 2467 2139 2541 hoctebe
2154 2470 2245 2543 deci-

828 2619 882 2672 mu
904 2593 1024 2668 mensis
1049 2593 1177 2689 angusti
1199 2591 1374 2666 indictione
1397 2591 1523 2666 decime
1551 2591 1707 2689 neapoli:
1741 2591 1880 2666 [letinilsi
1912 2573 1976 2690 ego
2007 2593 2169 2690 genderisi
2191 2596 2245 2691 qui

828 2744 925 2821 super
946 2703 1067 2796 nomen
1088 2721 1182 2796 leuel
1204 2719 1308 2796 fllium
1331 2721 1495 2817 quondam
1523 2719 1647 2794 domini
1671 2717 1808 2814 eligerni
1831 2719 1928 2795 rinch
1959 2721 2113 2816 porcine:
2140 2729 2245 2794 mum

830 2849 970 2948 deniquo
1006 2849 1136 2922 domine
1165 2847 1320 2924 lemures
1350 2830 1527 2922 renembili
1565 2847 1755 2945 presbytero
1788 2855 1821 2919 et
1853 2847 2058 2942 primicerius
2101 2847 2246 2921 chartule

785 3025 786 3028 ,
831 2972 1087 3070 mugregeoonis
1109 2970 1241 3046 ecclesie
1264 2971 1366 3044 suncti
1388 2971 1473 3068 petri
1502 2971 1542 3046 ed
1565 2971 1640 3044 illos
1666 2967 1830 3044 iorrsrios
1860 2980 1969 3044 eustos
2001 2991 2078 3042 vero
2110 2971 2245 3042 ecclesie

833 3097 936 3171 mooli
966 3095 1072 3171 seheri
1102 3097 1144 3170 de
1174 3095 1309 3192 regione
1339 3117 1465 3170 summu
1497 3095 1633 3192 platee:
1665 3099 1705 3170 do
1742 3097 1917 3170 intentione
1947 3121 2045 3195 quem
2072 3093 2156 3168 inter
2186 3119 2245 3167 nos

831 3223 980 3296 nnumin
1002 3223 1044 3296 de
1066 3222 1231 3319 integrum
1254 3245 1357 3296 unum
1380 3221 1527 3295 modium
1551 3223 1591 3297 de
1614 3231 1700 3296 terro
1723 3223 1804 3296 ioris
1826 3233 2001 3297 memorate
2017 3222 2154 3296 ecclesie
2178 3245 2247 3294 suo-
2402 3247 2403 3261 ἢ

832 3352 877 3424 eti
905 3351 1008 3424 sederi
1040 3373 1140 3450 tprem
1172 3359 1209 3423 tu
1232 3360 1341 3426 tenere
1363 3349 1484 3424 rideris
1507 3359 1545 3424 ut
1567 3371 1665 3447 super
1697 3351 1816 3448 legitur
1843 3351 1987 3446 positum
2020 3351 2055 3422 iu
2087 3350 2163 3422 loco
2196 3347 2247 3444 qui

830 3475 1018 3547 nominetur
1040 3471 1300 3546 mersieoionum.
1324 3483 1358 3546 et
1380 3481 1429 3546 eet
1451 3472 1661 3546 coniunctum
1683 3495 1759 3544 oum
1784 3483 1867 3544 term
1890 3495 1963 3546 men
1993 3473 2051 3567 qni
2085 3473 2134 3544 ibi
2161 3487 2247 3546 estu

832 3609 925 3693 perte
946 3597 1142 3670 occidentis:
1167 3596 1254 3668 unde
1276 3618 1330 3668 me
1353 3598 1502 3694 quesistis
1525 3597 1662 3670 dicendo
1684 3607 1721 3668 ot
1743 3619 1805 3690 ego
1830 3593 1953 3667 tulisset
1973 3595 2013 3668 de
2029 3608 2247 3670 memoratum
2362 3579 2368 3604 ⁸

835 3723 984 3798 modium
1007 3726 1047 3796 de
1070 3736 1246 3798 memorem
1268 3735 1354 3798 terre
1370 3737 1486 3800 veson
1510 3733 1543 3798 et
1558 3726 1706 3798 iussisset
1720 3723 1792 3796 illut
1808 3735 1840 3797 ut
1854 3735 2032 3797 memorem
2055 3737 2145 3798 terre
2161 3749 2247 3798 mea:
2397 3779 2398 3793 ,

835 3857 869 3922 et
890 3871 965 3945 pers
988 3871 1061 3922 mee
1084 3849 1210 3922 dieehrt
1237 3859 1274 3924 nt
1296 3873 1363 3923 uon
1386 3859 1469 3925 esset
1492 3851 1560 3923 ite:
1594 3851 1634 3922 de
1665 3873 1764 3949 quam
1794 3851 1933 3922 multum
1964 3849 2105 3944 litigium
2138 3854 2249 3926 exinde
2396 3891 2397 3899 κ

833 3977 918 4050 inter
933 4001 993 4050 nos
1016 3977 1165 4054 ebuimns
1191 3987 1224 4052 et
1247 3981 1450 4075 perreximus
1474 3979 1593 4052 exinde
1617 3988 1651 4051 st
1674 3979 1789 4075 legem.
1813 3988 1847 4052 et
1869 3977 1980 4075 ibique
1996 3981 2176 4052 ostensistis
2189 4005 2248 4054 ons
2395 3981 2396 4005 ¹

833 4106 979 4182 rhammo
1001 4107 1211 4181 ordinationis
1234 4111 1292 4204 qni
1315 4107 1500 4180 continebat
1523 4119 1560 4182 ut
1584 4107 1673 4182 omui
1698 4121 1844 4202 tempere
1867 4107 1964 4180 rbere
1989 4121 2168 4184 memorate
2198 4133 2248 4182 ec-

838 4233 934 4303 clesie
956 4233 1058 4304 murti
1081 4233 1187 4304 scheri
1211 4232 1295 4307 iuste
1318 4233 1389 4326 ipss
1413 4241 1499 4306 terre
1523 4255 1596 4306 mee
1625 4241 1662 4304 ut
1692 4255 1789 4328 super
1819 4233 1939 4329 legitur
1974 4257 2077 4308 noum
2107 4235 2252 4308 modium
2392 4277 2393 4323 ;

836 4358 877 4430 de
900 4363 986 4429 lerrs
1009 4359 1173 4456 perpessi
1196 4369 1419 4434 mensuratum
1451 4369 1485 4433 et
1506 4383 1637 4458 pessum
1659 4364 1804 4436 ferreum
1839 4371 1947 4436 sencte
1969 4361 2171 4457 neupolitsne
2194 4387 2254 4438 eo-
2391 4359 2392 4368 '

839 4485 936 4560 clesie
971 4485 1054 4560 sicut
1085 4487 1293 4598 inommdus
1316 4486 1383 4582 ipse
1407 4487 1589 4562 firmissime
1612 4486 1758 4562 chartule
1789 4487 1997 4564 ordiortioois
2027 4491 2193 4562 continet:
2227 4495 2256 4558 et

838 4617 1014 4691 indicutmn
1037 4625 1086 4690 est
1108 4616 1226 4689 exinde
1249 4617 1333 4688 inter
1355 4617 1449 4690 nobis
1481 4625 1517 4690 nt
1546 4615 1654 4718 umber
1684 4625 1790 4711 perles
1814 4637 2021 4713 per-geremus
2057 4625 2092 4689 et
2125 4637 2255 4720 menre-

839 4753 922 4814 rrtss
943 4755 1064 4817 terres:
1099 4753 1132 4816 et
1154 4743 1226 4819 illos
1249 4749 1406 4843 pressiore
1429 4749 1616 4822 isoeremns.
1649 4747 1678 4820 si
1700 4745 1939 4822 inbonieremos
1969 4745 2182 4842 conpletum.
2222 4753 2254 4815 et
2388 4727 2389 4749 ¹

841 4865 987 4937 inclitum
1020 4879 1234 4942 memoratum
1267 4871 1412 4944 modium
1444 4869 1486 4943 de
1516 4881 1693 4948 memorate
1724 4881 1810 4945 terre
1844 4881 1949 4948 resne
1982 4871 2156 4966 figeremm
2184 4881 2251 4944 ter·

840 4990 944 5062 mines
966 4989 1051 5062 iuter
1073 4991 1142 5085 ipss
1174 5001 1259 5065 terre
1291 5015 1361 5066 mer
1393 5003 1427 5064 et
1459 5007 1675 5070 memoratum
1707 4995 1854 5070 modium
1888 4995 1929 5068 ds
1960 5009 2142 5086 ,memorata
2177 5009 2258 5068 terre
2385 4987 2386 5043 l
