4882 6534
1387 621 1534 714 (Μ)

1346 903 1569 1049 GOEbXXlX.

599 1173 663 1240 An.
749 1176 753 1184 '
838 1168 870 1267 †
891 1163 1085 1241 innomine
1106 1158 1315 1233 deminuet
1349 1157 1515 1230 salramris
1544 1157 1648 1228 uomri
1677 1157 1774 1232 lbesn
1797 1163 1916 1236 Christi
1942 1177 2015 1258 post
2037 1169 2165 1241 obitum

579 1301 694 1364 rose·
744 1287 917 1369 michaelis
944 1311 1064 1385 magno
1100 1289 1405 1380 imperatorumue
1436 1280 1544 1374 pn'mu
1573 1281 1627 1354 die
1653 1285 1889 1378 quintadecima
1915 1291 2034 1362 mensis
2057 1297 2162 1366 martii

745 1419 921 1492 indictione
957 1413 1128 1488 undecima
1159 1406 1289 1504 neapoli
1320 1405 1454 1479 Quum
1480 1413 1529 1476 est
1560 1426 1620 1478 nos
1652 1407 1754 1478 maria
1787 1407 1852 1480 lilia
1885 1413 2051 1504 quondam
2081 1418 2159 1507 petri

746 1541 892 1616 nutrienti
906 1563 973 1612 ona
988 1557 1064 1608 cum
1086 1532 1252 1606 volumtate
1275 1528 1429 1603 lobannis
1452 1529 1493 1600 de
1514 1528 1572 1600 illa
1585 1527 1746 1600 munaebs
1755 1530 1800 1602 de
1817 1535 1950 1604 tmtinm
1967 1536 2030 1606 viri
2048 1539 2110 1606 mei
2133 1547 2163 1608 et

747 1671 833 1742 idem
849 1669 951 1740 meria
965 1665 1031 1738 filia
1043 1661 1206 1758 quondam
1221 1657 1369 1752 stepbuui
1382 1654 1524 1728 mselicti
1539 1655 1650 1727 relicta
1662 1659 1827 1750 qasnudsm
1838 1663 1936 1754 sergii
1951 1665 2095 1736 eutriceti
2107 1669 2160 1735 cui

747 1813 844 1886 super
867 1811 985 1862 nomen
1010 1807 1145 1880 capuces
1165 1793 1214 1854 set
1237 1803 1300 1875 ego
1319 1789 1495 1852 memorata
1518 1777 1621 1850 maria
1643 1777 1710 1850 lilia
1728 1785 1899 1852 memorati
1916 1785 1998 1878 petri
2014 1788 2158 1857 couiesti

746 1939 806 2010 pro
826 1917 898 1987 biec
917 1937 987 1986 mea
1009 1923 1041 1983 et
1057 1931 1117 2006 pro
1133 1909 1205 1982 bice
1230 1907 1322 2001 egeln
1337 1927 1492 2001 germano
1507 1929 1581 1978 meo
1597 1907 1654 2000 qui
1672 1908 1702 1978 ic
1717 1905 1828 1978 absens
1844 1921 1892 1979 est
1907 1921 1940 1980 et
1951 1931 2012 2004 ego
2028 1935 2161 1984 memo-

746 2052 816 2111 rare
837 2040 926 2111 idem
943 2037 1045 2108 maria
1059 2057 1121 2129 pm
1145 2034 1216 2106 bice
1236 2055 1308 2104 mea
1322 2043 1355 2102 et
1368 2053 1429 2126 pro
1445 2030 1519 2102 bles
1534 2029 1681 2102 iubendis
1696 2034 1822 2130 pueruli
1840 2033 1899 2104 lilii
1911 2037 1975 2106 mei
1990 2061 2089 2130 quem
2104 2039 2163 2106 ab·

747 2189 787 2236 eo
811 2167 849 2236 de
873 2170 1053 2235 memomto
1076 2139 1184 2254 sergio
1208 2159 1280 2230 rim
1303 2180 1379 2232 meo
1403 2161 1432 2231 Α
1457 2157 1660 2251 presentidie
1673 2159 1883 2252 promtissima
1901 2161 2077 2230 volumtate
2093 2184 2160 2231 ve-

746 2292 970 2364 numdedimus
984 2301 1018 2359 et
1036 2287 1224 2358 tradidimus
1235 2287 1331 2356 robis
1347 2287 1479 2358 demine
1496 2285 1649 2380 stephano
1663 2285 1836 2357 venerabili
1853 2285 1956 2355 ebbati
1970 2289 2160 2360 monasterii

747 2419 846 2489 sancti
861 2416 997 2506 seberini
1022 2425 1055 2486 et
1076 2415 1168 2484 sossii
1192 2413 1249 2482 ubi
1271 2433 1387 2484 eorum
1402 2409 1598 2482 venerabilia
1614 2411 1784 2506 quiescunt
1806 2433 1942 2503 corpora
1964 2420 1997 2480 et
2017 2435 2077 2505 per
2102 2435 2157 2484 vos

747 2539 783 2608 in
806 2545 986 2606 memerato
1009 2541 1114 2602 vestro
1137 2531 1333 2602 monasterio
1357 2529 1439 2602 idest
1461 2531 1573 2604 interis
1595 2534 1701 2606 omnm
1723 2532 1927 2626 portionibus
1943 2533 2106 2604 nostriset
2122 2535 2160 2604 de

744 2667 922 2732 memorato
943 2657 1056 2752 angelo
1080 2679 1234 2750 germano
1257 2669 1289 2728 et
1313 2667 1450 2750 cognato
1473 2665 1586 2730 nostm
1607 2682 1650 2730 ex
1674 2661 1836 2753 integrum
1860 2661 1995 2732 casalem
2019 2663 2077 2752 qui
2101 2662 2161 2731 luit

744 2789 784 2858 de
808 2785 856 2856 illi
880 2784 970 2880 spine
992 2793 1027 2851 et
1053 2783 1239 2855 nominetur
1263 2783 1303 2856 sd
1326 2783 1376 2854 illi
1399 2784 1577 2858 buccatorti
1600 2786 1739 2880 ρωὶωω
1761 2807 1838 2857 vem
1869 2795 1902 2855 et
1924 2786 2071 2857 calistum
2095 2807 2159 2854 nne

745 2933 819 2984 eum
855 2911 1023 2982 arboribus
1056 2922 1088 2980 et
1122 2933 1198 2980 cum
1231 2911 1437 3003 portionibus
1465 2913 1582 2984 uostris
1614 2925 1647 2986 et
1678 2914 1718 2984 de
1750 2925 1927 2984 memorate
1959 2913 2054 3004 agelo
2078 2930 2157 3002 ger-

746 3031 844 3108 mano
867 3047 900 3107 et
923 3044 1061 3128 cognato
1084 3045 1194 3108 nostro
1217 3036 1258 3108 de
1282 3035 1455 3130 pulmentss
1477 3049 1512 3109 et
1534 3039 1745 3112 subseetoriss
1768 3063 1841 3112 suas
1864 3047 1897 3108 et
1919 3061 1994 3110 cum
2017 3037 2159 3107 innotus

746 3181 858 3230 esrum
890 3158 1104 3254 omnibusque
1138 3160 1185 3230 eis
1217 3160 1450 3252 pertinentibus
1473 3165 1515 3236 de
1538 3175 1695 3258 quantum
1719 3175 1753 3236 et
1776 3167 1939 3259 quomodo
1960 3163 2056 3234 nobis
2077 3183 2152 3254 per-

745 3288 826 3356 tinet
849 3286 902 3358 vel
926 3285 1079 3358 obbenire
1103 3299 1135 3358 et
1159 3289 1317 3380 pertinere
1342 3289 1438 3360 debes
1461 3301 1517 3361 aut
1540 3294 1732 3385 pertinentes
1755 3295 1853 3364 luerit
1877 3315 1936 3384 per
1951 3291 2068 3386 quobis
2083 3312 2152 3361 mo-

744 3411 822 3483 dum
860 3413 945 3500 unde
981 3412 1062 3484 nibil
1093 3412 1186 3484 nubis
1214 3413 1331 3484 exinde
1360 3413 1483 3506 aliquot
1515 3418 1670 3488 remansit
1704 3427 1760 3488 aut
1782 3417 2013 3488 reserbavimus
2037 3437 2094 3484 nec
2118 3413 2153 3481 in

743 3535 845 3605 aliene
869 3557 1019 3628 personas
1043 3537 1264 3606 commisimus
1289 3545 1344 3608 aot
1363 3539 1432 3629 jem
1456 3539 1686 3608 committimus
1707 3548 1895 3631 potestatem
1919 3547 1999 3606 sete
2018 3545 2156 3608 nuncet

742 3661 889 3750 deinceps
906 3686 924 3728 e
941 3661 1032 3730 nobis
1048 3663 1140 3731 vobis
1157 3673 1188 3730 et
1204 3685 1261 3752 per
1278 3686 1336 3732 vos
1356 3665 1391 3734 in
1415 3673 1591 3736 memorato
1614 3671 1720 3734 vestro
1743 3663 1938 3734 monasterio
1953 3665 1996 3736 sit
2013 3683 2156 3732 senum·

742 3781 852 3848 datum
875 3787 906 3848 et
930 3777 1081 3850 traditum
1101 3779 1135 3850 in
1159 3791 1263 3850 vestre
1287 3786 1487 3880 posterisque
1511 3785 1623 3857 vestris
1647 3797 1680 3856 et
1704 3783 1744 3853 de
1767 3795 1946 3855 memorato
1963 3782 2153 3852 monasterio

741 3900 783 3970 sit
806 3908 993 3993 potestatem
1017 3925 1147 3996 queque
1171 3904 1286 3976 exinde
1310 3906 1416 3978 seuere
1437 3909 1607 3980 volueritis
1631 3930 1756 4002 semper
1778 3907 1912 3978 liberam
1945 3905 2063 3975 abestis
2092 3925 2154 3996 po-

740 4035 884 4098 testatem
908 4039 940 4098 et
964 4049 1005 4097 ne
1030 4053 1049 4097 a
1073 4029 1165 4099 nobis
1189 4053 1294 4124 neque
1319 4055 1337 4099 e
1361 4033 1479 4103 nostris
1503 4033 1674 4105 heredibus
1697 4034 1785 4104 nullo
1809 4045 1954 4124 tempore
1977 4051 2152 4124 numquam

738 4176 796 4225 vos
826 4165 880 4228 eut
906 4158 1040 4250 posteris
1064 4159 1175 4230 vestris
1201 4161 1288 4255 quud
1312 4160 1393 4254 spsit
1417 4160 1536 4232 abeatis
1561 4162 1678 4232 exinde
1693 4160 1864 4256 mouendo
1880 4180 2085 4254 quacumque
2101 4179 2152 4225 re-

738 4280 919 4370 quesitioue
943 4293 1000 4353 eut
1023 4285 1202 4356 molestiam
1226 4310 1284 4380 per
1307 4287 1434 4358 nullum
1454 4287 1588 4358 mudum
1612 4311 1672 4359 nee
1696 4311 1755 4382 per
1775 4287 1936 4360 summisis
1960 4285 2147 4378 persomme

739 4422 829 4471 nunc
846 4401 928 4471 etin
952 4407 1113 4498 perpetuis
1138 4407 1336 4502 temporibus
1359 4409 1405 4480 ita
1428 4421 1465 4480 ut
1489 4410 1580 4482 omni
1602 4420 1747 4504 tempure
1763 4433 1822 4481 nos
1839 4419 1872 4482 et
1887 4410 2016 4480 heredes
2033 4405 2150 4476 nostris

741 4525 782 4594 ab
805 4525 909 4596 omnis
932 4529 1054 4600 omines
1078 4533 1232 4625 omnique
1256 4557 1406 4626 personas
1431 4533 1466 4604 in
1485 4533 1634 4606 omnibus
1667 4533 1758 4606 vobis
1781 4533 1957 4625 vestrisque
1981 4529 2153 4600 heredibus

737 4652 810 4722 illut
842 4665 997 4730 antestare
1026 4667 1058 4731 et
1094 4663 1258 4732 defensare
1282 4663 1454 4735 debeamus
1476 4683 1537 4752 pro
1560 4681 1600 4737 eo
1623 4659 1712 4754 quod
1736 4660 1770 4730 in
1793 4657 1948 4752 presentis
1972 4656 2151 4747 decepimus

740 4800 759 4843 a
783 4777 875 4848 vobis
898 4782 1015 4852 exinde
1040 4784 1122 4877 idest
1146 4787 1216 4854 auri
1241 4787 1301 4856 teri
1330 4786 1587 4880 quattuordecim
1614 4781 1648 4852 iu
1676 4803 1807 4850 omnem
1831 4781 1992 4851 decisione
2015 4799 2071 4846 seu
2094 4775 2150 4843 de·

738 4899 932 4974 liberatione.
958 4907 1040 4988 Quin
1066 4909 1108 4978 ita
1131 4893 1224 4981 nobis
1248 4915 1438 5004 complacuit
1465 4915 1493 4984 si
1517 4921 1627 4984 eutem
1648 4930 1710 5000 ego
1727 4919 1784 4978 sut
1798 4907 1931 4980 heredes
1947 4905 2010 4978 mei
2035 4899 2152 4996 quobis
