4888 6528
895 544 909 638 r
936 545 1039 638 ros)

894 809 1054 890 cccxix„

344 1075 375 1166 †
399 1075 435 1146 ln
459 1069 589 1148 nomine
613 1071 735 1148 domini
759 1073 812 1146 dei
835 1073 1000 1146 sairatmis
1023 1073 1127 1146 nostri
1142 1071 1236 1148 ilresu
1252 1072 1392 1148 Christi:
1409 1072 1586 1166 imperante
1601 1075 1667 1148 do*
1758 1074 1818 1144 An.
1913 1100 1918 1113 ·

248 1195 339 1270 mino
363 1203 473 1266 nostro
496 1195 612 1266 basilio
633 1217 751 1291 magno
774 1197 967 1290 imperatore
986 1218 1071 1270 anno
1086 1197 1286 1291 sexagesimo
1302 1197 1427 1290 primo:
1454 1197 1510 1268 sed
1533 1204 1566 1268 et
1581 1219 1666 1268 con-
1745 1207 1850 1269 test.

248 1321 388 1412 stantino
404 1323 503 1396 irater
518 1323 588 1396 eius
607 1345 727 1419 magno
741 1324 939 1421 imperatore
954 1347 1039 1400 anno
1054 1325 1323 1421 quinquagesimo
1338 1323 1494 1398 hoctabo:
1512 1323 1565 1396 die
1581 1345 1665 1396 nona

250 1451 370 1522 mensis
403 1451 513 1524 martii
546 1451 721 1524 indictione
753 1461 870 1546 quarta
892 1452 1041 1544 neapoli:
1066 1453 1200 1524 Certum
1223 1462 1271 1526 est
1295 1473 1353 1524 nos
1376 1459 1505 1544 petrum
1528 1451 1665 1522 umilem

252 1577 440 1671 presbytero
463 1586 497 1648 et
520 1578 647 1648 notario
677 1576 745 1652 titio
774 1577 939 1675 quondam
961 1577 1084 1671 garami
1108 1577 1166 1670 qui
1189 1577 1251 1648 iur't
1274 1577 1412 1650 abitator
1435 1579 1476 1650 de
1499 1577 1573 1647 loco
1605 1580 1664 1670 qui

251 1706 440 1778 nominatur
461 1704 615 1776 siricum:
642 1713 675 1778 et
697 1727 760 1800 epo
783 1707 882 1780 modo
905 1704 1026 1777 abitare
1042 1703 1157 1774 videor
1172 1701 1206 1773 in
1221 1702 1294 1774 ioco
1311 1701 1369 1797 qui
1383 1709 1519 1774 vocatur
1532 1703 1663 1774 seriana

249 1833 416 1903 territorio
450 1831 589 1904 nolano:
624 1835 655 1905 Α
687 1833 828 1927 presenti
859 1834 911 1906 die
939 1833 1154 1928 promtissima
1176 1831 1355 1901 volumtate
1378 1830 1539 1924 promicto
1568 1829 1661 1901 vobis

245 1959 382 2028 domino
405 1961 551 2052 pancrati
573 1961 752 2038 venerabili
776 1963 931 2056 igumerm
954 1960 1141 2032 monasterii
1163 1965 1348 2032 sanctorum
1370 1958 1468 2050 sergii
1492 1964 1524 2029 et
1539 1958 1660 2030 bachii:

243 2084 301 2175 qui
324 2105 411 2160 nunc
434 2093 648 2180 congregatus
664 2095 722 2160 'est
743 2086 778 2158 in
794 2086 991 2160 monasterio
1006 2093 1192 2157 sanctorum
1208 2083 1357 2154 theodori
1372 2091 1405 2154 et
1419 2083 1588 2156 sebastiani
1602 2085 1661 2178 qui
1717 2139 1720 2148 .

246 2206 423 2298 appellatur
445 2207 601 2302 compieta
624 2207 723 2280 situm
746 2207 782 2281 in
805 2206 1029 2284 viridiarium:
1064 2214 1098 2278 et
1125 2215 1158 2275 at
1189 2215 1286 2276 cunta
1319 2213 1426 2276 sancta
1448 2211 1553 2276 vestra
1575 2225 1661 2274 oon*

241 2329 431 2422 gregatione
460 2329 697 2410 monachorum
727 2331 900 2404 memorati
932 2331 1033 2400 saneti
1056 2339 1088 2399 et
1111 2328 1302 2404 venerabilis
1325 2330 1426 2400 vestri
1448 2331 1657 2401 monasterii:

239 2461 374 2545 prepter
397 2452 568 2538 medietate
592 2453 633 2524 de
655 2453 798 2546 integras
810 2452 979 2526 sexuncias
996 2461 1115 2522 vestras
1130 2453 1170 2521 de
1185 2453 1350 2545 integrum
1365 2453 1501 2532 fundum
1517 2455 1659 2546 positum

241 2577 277 2654 in
302 2583 482 2646 memorato
505 2575 579 2650 loon
602 2575 730 2648 seviana
752 2598 817 2648 una
840 2597 917 2648 cum
941 2575 1111 2654 medietate
1127 2596 1168 2670 ex
1185 2574 1268 2666 ipsos
1291 2573 1460 2652 denuncias
1482 2583 1603 2646 vestras
1618 2577 1659 2652 de

240 2717 353 2766 omnes
377 2705 478 2768 terras
501 2696 618 2769 exinde
640 2698 836 2792 pertinentes
859 2719 941 2792 quas
957 2695 1089 2766 interius
1104 2693 1339 2768 nominatibnm
1353 2693 1509 2769 dicimus:
1529 2695 1668 2778 insimui

237 2845 305 2898 una
328 2843 404 2896 cum
427 2823 604 2920 arcontius*
619 2807 795 2897 fructiferis
810 2824 863 2898 vel
877 2823 1084 2896 infructiferis
1100 2832 1224 2896 etcum
1240 2801 1387 2893 introito
1402 2843 1477 2894 suas
1493 2831 1525 2894 et
1545 2825 1658 2896 omni-
1809 2869 1820 2890 .

238 2951 299 3022 bus
313 2951 374 3022 sivi
386 2952 628 3046 pertinentibus:
643 2953 729 3026 unde
743 2951 805 3024 dir
820 2952 990 3028 medietate
1004 2975 1047 3026 ex
1061 2953 1145 3048 ipsas
1159 2948 1330 3024 sexunciao
1343 2961 1463 3022 vestm
1477 2951 1517 3024 de
1530 2972 1655 3023 memo-

234 3085 345 3146 ratum
367 3077 531 3172 integrum
555 3079 692 3152 tondum
716 3101 881 3152 unacum
905 3079 968 3153 alia
991 3071 1169 3160 medietate.
1183 3101 1229 3153 ex
1251 3079 1320 3180 ipse
1341 3075 1510 3156 renuncies
1533 3086 1656 3155 vestras

238 3203 280 3280 de
296 3225 409 3298 onmes,
422 3213 523 3284 terres
537 3207 653 3286 exinde
667 3208 861 3301 pertinentes
876 3207 917 3284 de
933 3217 1113 3285 memorate
1127 3214 1236 3280 sancto
1251 3215 1359 3278 restro
1374 3205 1567 3278 monasterio
1583 3205 1657 3278 illut

238 3331 361 3401 detinet
383 3330 515 3426 quidem
539 3332 729 3428 iobsqninto
750 3337 812 3430 'qui
835 3337 1020 3409 nominatur
1044 3333 1183 3408 murello
1206 3331 1273 3410 filio
1296 3334 1459 3427 qnondam
1474 3331 1558 3428 petri
1579 3355 1654 3404 sou-

238 3455 313 3528 reiii
337 3457 377 3528 de
401 3465 582 3530 memorato
604 3459 678 3530 loco
700 3461 854 3532 sacione:
880 3463 938 3554 qui
961 3486 998 3534 re
1021 3461 1153 3532 insimul
1174 3461 1323 3554 iungitur
1345 3461 1470 3554 integra
1487 3461 1557 3554 ipsa
1578 3482 1655 3532 me-

237 3583 356 3656 dietate
378 3592 484 3656 restra
506 3585 548 3656 de
572 3596 786 3660 memoratum
802 3590 964 3681 integrum
982 3591 1122 3662 turdum
1134 3589 1175 3662 de
1192 3610 1304 3662 omnes
1318 3595 1421 3660 terras
1437 3589 1555 3662 exinde
1578 3611 1654 3682 per-

234 3710 374 3784 tinentes
397 3733 473 3784 cunr
496 3711 621 3808 reliqua
645 3712 708 3786 alia
732 3716 902 3790 medietate
925 3718 984 3812 qui
1008 3727 1057 3788 est
1079 3717 1119 3788 de
1142 3716 1190 3788 itti
1214 3715 1255 3786 de
1278 3723 1391 3787 turre:
1417 3718 1506 3810 qnod
1530 3727 1580 3788 est
1594 3715 1654 3788 in-

125 3869 129 3882 ·
234 3843 327 3928 tegra
350 3835 420 3929 ipsa
442 3836 612 3915 medietate
637 3847 742 3914 vestra
767 3835 810 3912 de
834 3847 1050 3912 memoratum
1074 3841 1239 3932 integrum
1262 3838 1398 3910 fundum
1421 3840 1525 3930 petias
1547 3840 1654 3910 duest·

186 3978 190 3984 ·
231 3971 268 4031 et
290 3962 369 4054 ipsis
393 3963 486 4034 terris
510 3986 552 4038 ex
575 3965 648 4059 ipso
671 3966 772 4038 irrndo
794 3969 990 4061 pertinentes
1013 3977 1090 4040 srrnt
1113 3965 1319 4038 nominatihis
1342 3964 1448 4058 prima
1478 3965 1564 4058 petia
1587 3985 1653 4060 qne

227 4085 418 4156 nominatur
441 4085 481 4158 ad
503 4087 595 4158 ilium
620 4089 804 4181 picriilumr
830 4065 968 4163 munda
982 4087 1067 4182 petia
1082 4085 1201 4158 dicitur
1215 4085 1255 4156 cd
1270 4085 1363 4156 ilium
1376 4085 1648 4156 monumentum:

227 4211 327 4282 tertia
350 4212 437 4306 petia
459 4213 644 4284 nominatur
668 4221 700 4282 at
722 4213 776 4284 via
798 4213 980 4284 lauritrna:
1015 4214 1130 4308 quarta
1154 4210 1238 4306 petia
1262 4209 1449 4280 nominatur
1471 4208 1518 4280 tbi
1541 4209 1648 4304 ipsum

226 4345 263 4407 at
282 4327 341 4407 ¹uia
364 4337 540 4412 lauritana:
578 4339 689 4433 quinta
718 4338 804 4432 petia
835 4341 1021 4410 nominatur
1045 4351 1077 4409 at
1100 4339 1333 4411 lucaniannm:
1367 4345 1457 4408 sexta
1490 4337 1577 4432 petia
1600 4338 1649 4408 ibi

228 4467 342 4558 ipsum
366 4475 399 4536 at
421 4467 646 4554 lncsnianrnnr
671 4465 916 4562 septimapetia
938 4463 1059 4538 uetur
1081 4477 1114 4536 et
1136 4489 1346 4558 porcasanum
1370 4475 1404 4535 at
1433 4465 1618 4536 rotabulum
1636 4489 1647 4534 c

229 4588 348 4660 octaba
368 4589 454 4680 petia
475 4591 595 4664 iterum
618 4571 656 4662 ot¹
673 4565 882 4683 poreasannm
909 4596 941 4656 at
957 4583 1064 4681 ipsum
1078 4561 1283 4658 catahnlnmr
1300 4609 1384 4657 nona
1409 4587 1494 4678 petia
1509 4595 1541 4656 rt
1556 4585 1650 4657 illum

229 4710 392 4782 cirillum:
416 4713 541 4786 decima
564 4713 649 4826 petia
674 4735 739 4809 que
762 4711 947 4784 nominaur
971 4721 1004 4783 nt
1023 4711 1077 4783 ria
1094 4713 1273 4784 francisca:
1300 4701 1469 4786 rmdeoima
1491 4710 1577 4806 petia
1594 4711 1648 4784 'ibi

349 4834 409 4908 Vei.
433 4837 492 4906 IV.
1270 4849 1336 4908 so·
