4940 6518
1455 567 1553 661 (⁴)

1425 792 1600 927 ern.-

653 1095 715 1164 Ᾱῦ·
895 1116 969 1212 †ln
984 1116 1115 1188 nomine
1130 1113 1255 1186 domini
1270 1114 1322 1184 dei
1337 1112 1504 1183 salvatoris
1526 1111 1628 1183 nostri
1638 1111 1735 1184 ihesu
1750 1109 1869 1184 Christi
1883 1111 2063 1206 Imperaute
2085 1114 2217 1186 domino

635 1227 741 1292 ¹⁰⁰¹·
800 1253 911 1314 nostro
924 1241 1039 1314 basilio
1060 1263 1180 1334 magno
1204 1241 1402 1334 Imperatore
1415 1261 1500 1310 anuo
1517 1239 1763 1334 quadragesimo
1786 1241 1927 1312 secundo
1943 1240 1999 1312 sed
2014 1249 2046 1310 et
2060 1251 2215 1310 constan-

799 1376 869 1444 tino
893 1395 1012 1465 magno
1036 1373 1231 1465 imperatore
1255 1373 1355 1443 irater
1379 1369 1448 1464 ejus
1472 1395 1558 1443 auno
1581 1371 1749 1466 trigesimo
1772 1394 1878 1442 nono:
1903 1373 1964 1443 Die
1979 1373 2215 1466 quintadecima

799 1503 917 1573 mensis
941 1500 1119 1574 decembrii
1142 1501 1318 1571 indictione
1341 1500 1577 1595 quintadecima
1600 1499 1745 1594 neapoli:
1772 1498 1904 1571 Certum
1918 1507 1967 1571 est
1982 1521 2036 1571 me
2051 1501 2133 1570 mira
2151 1498 2216 1568 fitia

799 1630 964 1725 quondam
988 1627 1137 1700 iohannis
1159 1627 1286 1700 ferrarii
1303 1629 1360 1722 qui
1375 1648 1472 1722 supra
1495 1652 1612 1700 nomen
1633 1651 1745 1702 muca:
1762 1651 1828 1700 una
1845 1651 1922 1700 cum
1937 1649 2129 1699 consensum
2145 1650 2217 1719 pre·

800 1754 882 1825 senti
912 1753 999 1823 leoni
1023 1753 1194 1848 posteriori
1217 1751 1281 1824 viri
1305 1754 1394 1824 mei:
1430 1754 1459 1823 Α
1490 1753 1631 1846 presenti
1663 1753 1716 1824 die
1749 1749 1990 1846 promptissima
2018 1750 2215 1821 voluntatem

800 1882 995 1956 venumdedi
1019 1891 1052 1953 et
1074 1879 1193 1954 tradidi
1216 1881 1275 1952 tibi
1291 1883 1385 1953 leone
1400 1871 1542 1953 ferrario
1551 1884 1608 1976 qui
1624 1881 1810 1952 nominatur
1824 1878 1999 1973 papaleone
2015 1875 2081 1948 lilio
2101 1903 2215 1973 quon-

800 2010 872 2080 dam
896 2006 1038 2100 gregorii
1061 2007 1198 2077 ferrarii.
1223 2007 1316 2078 IDest
1337 2007 1463 2102 integra
1485 2031 1550 2078 uua
1573 2006 1661 2101 petia
1684 2007 1724 2077 de
1747 2014 1832 2078 terra
1855 2029 1926 2078 mea
1949 2027 2013 2102 que
2036 2006 2167 2098 ponitur
2182 2008 2217 2077 in

732 2110 734 2116 ’
800 2153 914 2224 campo
928 2130 979 2238 'de
1001 2129 1108 2201 minna
1132 2154 1196 2202 una
1220 2154 1296 2202 cum
1318 2131 1488 2204 arboribus
1519 2140 1551 2202 et
1581 2129 1751 2204 introitum
1782 2119 1878 2204 suum
1909 2143 1941 2202 et
1973 2129 2125 2204 omnihus
2155 2129 2217 2200 sivi

689 2351 691 2357 Ι
799 2255 1033 2349 pertinentibus
1056 2255 1237 2351 pertinente
1260 2279 1339 2330 vero
1364 2253 1448 2324 mibi
1471 2279 1531 2353 per
1553 2257 1736 2328 firmissima
1762 2256 1907 2328 chartula
1935 2257 2113 2328 securitatis
2143 2279 2215 2327 mea

800 2410 866 2482 que
889 2384 971 2456 mihi
994 2385 1109 2456 exinde
1134 2385 1209 2456 fecit
1232 2386 1390 2480 stephano
1413 2385 1481 2456 lilio
1504 2385 1670 2480 quondam
1692 2383 1839 2456 iohannis
1862 2403 1938 2456 cum
1961 2406 2117 2457 consensu
2131 2384 2217 2455 silli-

800 2523 851 2581 cta
875 2511 1007 2605 conjugi
1031 2533 1097 2583 suc.
1123 2521 1156 2582 et
1179 2536 1197 2580 a
1220 2519 1398 2582 memorato
1422 2513 1577 2607 stephano
1600 2513 1733 2586 hobenit
1756 2523 1789 2586 et
1811 2510 1949 2606 pertinet
1971 2533 2030 2606 per
2045 2534 2217 2604 compara-

801 2647 871 2708 tum
893 2660 952 2730 per
976 2635 1154 2708 chartulam
1178 2637 1426 2730 comparationis
1450 2661 1508 2710 sue
1530 2663 1595 2734 que
1619 2646 1741 2714 ateum
1764 2639 1881 2712 exinde
1904 2639 2047 2712 feceruut
2068 2639 2218 2735 gregorio

801 2763 936 2838 terrario
959 2767 1030 2840 filio
1054 2765 1219 2858 quondam
1241 2764 1388 2840 iohannis
1411 2791 1468 2840 seu
1492 2775 1525 2838 et
1552 2767 1691 2840 iohanne
1715 2767 1849 2838 ferrario
1866 2767 1937 2840 lilio
1952 2769 2118 2864 quondam
2135 2766 2216 2860 petri

802 2889 930 2978 ferrarii
953 2887 1010 2984 qui
1035 2911 1134 2982 snpra
1157 2912 1276 2962 nomen
1299 2889 1398 2961 corbi.
1421 2890 1480 2986 qui
1502 2893 1632 2962 luerunt
1656 2889 1918 2962 distributoribus
1934 2891 2040 2963 anime
2055 2889 2218 2986 quondam

801 3013 905 3085 maria
930 3013 1057 3084 uterina
1080 3036 1232 3108 germana
1255 3035 1337 3085 mea.
1362 3037 1427 3108 que
1450 3013 1576 3108 etipse
1599 3014 1692 3086 ambe
1716 3014 1859 3087 chartule
1881 3015 1917 3086 iu
1940 3015 2079 3109 presenti
2094 3025 2172 3108 aput
2186 3023 2218 3083 te

801 3138 913 3212 remisi
937 3159 1012 3210 cum
1035 3139 1146 3209 omnia
1169 3162 1234 3233 que
1258 3137 1418 3211 continet:
1444 3137 1624 3210 coherente
1653 3137 1716 3210 sivi
1743 3147 1776 3209 et
1807 3137 1935 3234 integra
1963 3137 2046 3232 petia
2069 3138 2110 3210 de
2132 3146 2218 3210 terra

800 3289 872 3338 rnea
895 3291 960 3362 que
983 3267 1131 3361 superius
1155 3267 1215 3337 tibi
1238 3266 1432 3340 venumdedi
1451 3266 1495 3339 ud
1512 3266 1745 3363 supertegitur
1760 3266 1799 3337 ab
1815 3289 1881 3340 uuo
1897 3267 1997 3340 latere
2013 3277 2098 3342 terra
2113 3276 2219 3340 sancte

800 3396 1000 3489 neapolitano
1023 3395 1155 3466 ecclesie
1178 3395 1275 3466 sicuti
1299 3395 1383 3464 inter
1405 3418 1440 3466 se
1463 3395 1549 3487 sepis
1573 3403 1607 3466 et
1629 3397 1765 3467 fossatam
1780 3397 1908 3468 cxfinat.
1932 3406 1964 3466 et
1986 3397 2026 3466 dc
2042 3396 2107 3464 alio
2122 3395 2219 3465 latere

802 3531 889 3593 terra
912 3522 1099 3593 monasterii
1122 3531 1230 3593 sancto
1253 3521 1385 3616 patricie
1410 3522 1504 3592 sicuti
1528 3522 1613 3594 inter
1635 3545 1670 3593 se
1693 3523 1797 3594 lebeta
1820 3525 1948 3598 exunat
1972 3521 2014 3594 de
2032 3545 2100 3594 uun
2116 3523 2219 3617 capite

803 3656 852 3716 est
875 3648 952 3718 caba
976 3646 1105 3742 publica
1130 3654 1163 3714 et
1186 3644 1226 3717 de
1249 3644 1314 3716 alio
1337 3645 1440 3740 capite
1465 3655 1513 3717 est
1535 3655 1620 3718 terra
1634 3656 1691 3718 tua
1713 3648 1882 3720 memorati
1905 3647 1990 3718 leoni
2009 3647 2154 3720 ferrarii:
2171 3647 2220 3717 De

804 3802 870 3872 qua
893 3775 975 3848 nihil
997 3773 1079 3846 mihi
1102 3776 1221 3847 exinde
1246 3775 1378 3870 aliquod
1403 3775 1556 3846 remansit
1578 3777 1642 3848 aud
1664 3778 1826 3850 reserbavi
1848 3801 1908 3850 nee
1933 3778 1967 3848 in
1991 3775 2125 3848 alienam
2141 3799 2220 3870 per-

802 3923 917 3976 sonam
940 3903 1089 3977 commisi
1113 3901 1258 3975 audiam
1281 3901 1450 3974 committo
1472 3911 1681 3997 potestatem:
1708 3915 1742 3976 et
1765 3928 1784 3973 a
1808 3927 1893 3976 nunc
1916 3914 1949 3974 et
1972 3903 2121 3997 deinceps
2136 3927 2155 3972 a
2170 3925 2221 3972 me

807 4033 865 4103 tihi
890 4033 932 4104 sit
955 4031 1164 4104 venumdatae
1190 4041 1229 4105 ,et
1259 4031 1392 4101 traditas
1420 4029 1539 4101 intua
1571 4033 1700 4128 tuisque
1732 4030 1905 4104 heredibus
1936 4031 2001 4101 sint
2030 4035 2220 4124 potestatem

808 4177 937 4250 queque
975 4153 1092 4226 exinde
1125 4155 1229 4224 facere
1261 4153 1429 4226 volueritis
1462 4153 1503 4224 ab
1535 4155 1666 4226 odierna
1699 4153 1752 4226 die
1784 4175 1910 4248 semper
1938 4153 2073 4229 liberam
2101 4153 2220 4224 abeatis

803 4285 1005 4370 potestatem.
1031 4287 1063 4346 et
1086 4300 1191 4372 neque
1215 4302 1234 4346 a
1257 4301 1310 4348 me
1333 4285 1510 4349 memorata
1534 4279 1617 4350 mira
1641 4303 1717 4352 cum
1741 4285 1899 4351 consensu
1932 4279 2100 4351 memorau‘
2132 4278 2218 4348 leoni

802 4402 974 4496 posteriori
996 4401 1060 4473 viri
1083 4389 1150 4478 met
1171 4425 1278 4504 neque
1302 4427 1321 4472 a
1343 4403 1425 4474 meis
1447 4402 1619 4476 heredibus
1642 4406 1745 4476 nec'a
1768 4405 1862 4476 nohis
1883 4401 2029 4498 personis
2043 4401 2221 4472 summissis

803 4531 893 4602 nrrlto
917 4539 1062 4626 tempore
1086 4553 1262 4624 numquam
1287 4539 1325 4602 tu
1348 4542 1527 4604 memorato
1551 4533 1645 4606 leone
1668 4533 1803 4606 ferrario
1830 4538 1888 4628 qui
1912 4531 2096 4604 nominatur
2119 4551 2224 4622 papa-

802 4655 896 4726 lenne
919 4655 983 4726 aud
1006 4654 1070 4726 tuis
1093 4653 1264 4726 heredibus
1287 4656 1375 4752 quod
1401 4657 1483 4728 absit
1507 4656 1627 4730 abeatis
1660 4657 1778 4742 exinde
1810 4656 1984 4752 aliquando
2020 4677 2224 4750 quacumque

802 4779 1051 4874 requesitionem
1074 4779 1138 4854 aud
1161 4782 1309 4854 molestia
1332 4807 1390 4878 per
1412 4783 1538 4855 nullum
1562 4788 1696 4858 modum
1723 4808 1783 4856 nec
1807 4809 1866 4878 per
1887 4784 2064 4854 summissis
2079 4781 2225 4877 personis

774 4938 780 4950 ·
803 4908 845 4978 ba
867 4931 953 4983 nunc
973 4917 1005 4983 et
1026 4909 1235 5006 imperpetuis
1260 4909 1638 5008 temporibusctnsupcr
1661 4915 1750 4985 omni
1776 4926 1922 5008 tempore
1946 4935 2007 5004 ego
2035 4923 2068 4981 et
2090 4909 2223 4981 heredes
