4882 6534
922 631 1066 725 (aar)

288 795 322 860 et
345 785 485 858 roffreda
518 785 644 857 viribus
675 785 796 860 nostris
827 791 884 858 aut
915 783 956 854 ab
988 781 1067 876 ipsis
1089 781 1277 877 parentibus
1305 791 1340 856 et
1361 783 1632 860 consentientibus
1654 792 1707 863 nel

288 912 490 988 mundmldis
515 913 633 984 nestris
656 923 712 984 aut
735 937 754 984 a
781 911 927 1010 qnalibet
942 911 1111 984 bominem
1134 909 1255 1008 qtribm
1278 933 1338 984 nos
1369 915 1592 1006 prenominata
1624 937 1705 990 mu·

286 1038 360 1110 lieri
386 1038 615 1133 respondentes
638 1036 784 1110 diximus
806 1059 875 1110 non
891 1037 1058 1132 permittat
1073 1040 1162 1114 near
1183 1045 1221 1109 nt
1236 1035 1346 1133 aliqua
1362 1037 1545 1110 suasionem
1562 1047 1617 1110 aut
1632 1041 1707 1112 uir-

286 1170 357 1234 tute
380 1159 540 1254 patiamur
564 1153 607 1231 ab
631 1158 710 1254 ipsis
733 1157 858 1232 viribus
881 1157 1001 1232 nostris
1019 1159 1073 1232 vel
1096 1157 1138 1229 ab
1153 1158 1231 1254 ipsis
1247 1159 1437 1254 parentibus
1450 1169 1484 1233 et
1500 1163 1706 1236 annuntien-

286 1283 377 1355 tibus
400 1283 453 1356 vel
476 1284 630 1358 mundoal
646 1285 765 1358 nostris
780 1293 837 1357 aut
860 1309 880 1356 a
902 1281 1047 1382 qualibet
1060 1283 1226 1359 bominem
1250 1293 1375 1358 urum
1397 1295 1435 1358 ut
1457 1285 1600 1361 diximus
1623 1289 1707 1362 bona

290 1420 399 1482 nostra
427 1409 592 1483 uoluntate
615 1408 724 1484 inolita
752 1409 821 1505 ipsa
844 1419 961 1508 quarta
984 1419 1094 1481 nestra
1117 1411 1311 1485 donavimus
1333 1411 1393 1486 tibi
1417 1412 1482 1484 iam
1507 1415 1709 1487 nominatum

286 1530 433 1604 iohanne
457 1531 635 1626 imperialis
657 1553 767 1604 eomes
789 1541 824 1601 et
847 1529 1017 1602 triumvir.
1040 1532 1130 1604 Dum
1153 1532 1221 1625 ipse
1236 1533 1295 1628 qui
1310 1555 1407 1628 supra
1423 1533 1522 1608 iudex
1536 1535 1707 1631 diligenter

290 1667 352 1731 nos
375 1659 545 1754 inquisibit
567 1668 602 1732 et
623 1681 684 1732 nos
707 1657 817 1732 omnia
839 1659 930 1752 siper
953 1655 1101 1730 ordinem
1124 1659 1341 1734 narravimus.
1373 1658 1463 1730 dedit
1485 1660 1579 1732 nobis
1602 1661 1708 1732 lieen-

291 1783 370 1853 tiam
395 1780 551 1854 donandi.
580 1789 653 1876 post
676 1789 806 1875 recepta
829 1801 971 1876 namque
995 1777 1140 1849 licentia.
1167 1775 1235 1850 Nos
1258 1777 1425 1852 nominate
1448 1777 1579 1854 mulieri
1594 1802 1709 1860 town·

293 1904 372 1975 dum
395 1913 511 1978 statuta
534 1905 645 2001 legum
668 1913 701 1976 et
724 1927 801 1977 eum
825 1925 986 1977 censensu
1010 1913 1045 1976 et
1066 1900 1232 1976 voluntate
1254 1904 1514 1998 supradictorum
1536 1915 1707 2001 parentum

290 2042 494 2104 nostrornm.
525 2041 559 2106 et
583 2033 671 2103 huna
693 2054 775 2120 eum
793 2029 948 2124 predictis
972 2030 1099 2104 viribus
1113 2031 1231 2105 nostris
1247 2033 1433 2129 pariterque
1448 2055 1605 2108 mesenen
1621 2035 1705 2107 bone

288 2169 396 2229 nostre
429 2159 587 2230 voluntati
619 2157 679 2230 tibi
708 2157 911 2234 nominatum
934 2157 1075 2248 iohanne
1098 2157 1275 2251 imperialis
1300 2183 1410 2234 eomes
1432 2172 1466 2234 et
1488 2159 1641 2234 triumvir
1663 2163 1704 2232 ad

257 2271 261 2281 ’
288 2303 415 2374 semper
450 2281 611 2352 abendm
633 2289 666 2350 et
689 2279 942 2372 possidendum.
972 2283 1064 2355 Unde
1092 2281 1154 2355 hee
1177 2285 1285 2356 omnia
1309 2307 1373 2378 qne
1397 2285 1545 2378 superius
1566 2285 1701 2378 legitur.

289 2425 348 2474 neo
371 2399 465 2472 uobis
488 2400 547 2494 qui
569 2421 666 2494 supra
682 2399 832 2470 donatori
857 2407 891 2467 et
907 2399 1082 2472 donatriee.
1098 2423 1205 2494 neque
1225 2407 1267 2476 ad
1281 2407 1454 2480 heredibus
1470 2409 1589 2482 nostris
1603 2432 1708 2504 neque

289 2525 330 2595 ad
353 2523 480 2596 nullum
503 2521 688 2619 qnempiam
712 2519 879 2596 bominem
911 2521 1030 2594 exinde
1054 2522 1292 2593 reservabimus
1316 2529 1500 2617 portionem
1523 2532 1710 2622 requirendi

289 2661 337 2724 set
359 2649 483 2743 integra
506 2649 687 2744 supradicta
711 2647 779 2744 ipsa
802 2649 935 2723 eeclesia
967 2655 1002 2720 et
1025 2647 1093 2742 ipse
1116 2656 1201 2721 terre
1224 2655 1347 2742 quante
1370 2641 1492 2722 ibidem
1516 2651 1649 2728 abemus
1674 2668 1708 2728 et

286 2797 377 2847 ease.
408 2773 604 2846 donnumns
626 2785 660 2848 et
682 2767 872 2847 tradidimus
895 2781 929 2846 et
950 2773 1070 2846 omnia-
1083 2773 1201 2847 exinde
1225 2772 1410 2846 laciendum
1432 2773 1573 2872 qualiter
1586 2777 1708 2854 volne-

289 2895 360 2968 ritis
383 2895 504 2992 absque
527 2898 619 2971 omni
641 2897 866 2970 contrarietate
898 2907 1007 2968 nostra
1030 2897 1088 2995 vel,
1117 2896 1158 2969 de
1180 2893 1299 2968 nostris
1321 2895 1493 2971 heredibus
1517 2909 1574 2972 aut
1597 2903 1706 2978 euius·

291 3019 371 3092 libet
391 3017 534 3094 bominis
558 3018 821 3118 requisitionem.
843 3018 908 3090 Pro
930 3017 1049 3114 quibus
1072 3017 1324 3090 wntirmandam
1347 3019 1408 3092 hee
1430 3019 1612 3116 supradicta
1639 3047 1706 3100 ao-

292 3159 357 3220 stra
381 3148 552 3222 donatione
575 3151 610 3222 in
633 3150 774 3244 presenti
798 3149 979 3244 recepimus
1002 3169 1062 3220 nos
1084 3159 1177 3242 petro
1192 3159 1226 3223 et
1240 3150 1378 3224 roffreda
1394 3172 1482 3226 sassa
1497 3162 1530 3224 et
1544 3152 1702 3226 alterana.
1779 3141 1785 3146 ’

293 3271 440 3346 donatori
462 3279 496 3346 et
518 3273 692 3347 donatriee
717 3297 737 3344 a
759 3283 792 3344 te
816 3273 1042 3368 prenominato
1070 3273 1204 3344 domino
1226 3273 1368 3346 iohanne
1399 3273 1577 3368 imperialis
1599 3297 1708 3348 eomes

289 3405 325 3464 et
351 3395 502 3471 triumvir
525 3397 617 3468 iuxta
640 3395 746 3489 legem
770 3393 933 3490 launegild
955 3393 1146 3468 mantellum
1168 3395 1294 3470 bunum
1318 3395 1457 3472 saliente
1486 3399 1569 3470 dues
1589 3399 1709 3471 solidos

295 3525 673 3618 constantinopolitanos.
705 3523 834 3594 finitum
865 3523 1005 3596 dicimus
1036 3531 1115 3618 aput
1147 3545 1207 3596 nos
1228 3533 1396 3620 reeeptnm
1418 3525 1537 3598 babere
1560 3527 1709 3598 inolitum

294 3655 435 3736 xdonum.
465 3652 513 3722 Ea
536 3672 678 3744 namque
700 3648 824 3724 ratione
848 3661 887 3719 ut
909 3651 1027 3719 amodo
1050 3659 1083 3720 et
1098 3671 1225 3743 semper
1238 3661 1275 3722 ta
1290 3651 1559 3722 iamnominatum
1574 3652 1707 3722 domino

293 3775 433 3848 iobmne
461 3771 638 3869 imperialis
659 3795 768 3844 eomes
790 3781 825 3843 et
847 3770 999 3844 triumvir
1022 3781 1153 3848 ettuos
1177 3769 1326 3843 beredes.
1348 3793 1387 3842 ee
1409 3769 1573 3867 quedieta
1587 3781 1636 3843 est
1650 3793 1710 3844 ne·
1775 3757 1777 3764 ¹

293 3909 359 3972 stra
382 3897 554 3971 donatione
577 3897 697 3972 habere
719 3905 752 3968 et
774 3917 890 3970 securo
912 3895 1043 3966 nemine
1058 3895 1222 3989 possidere
1236 3895 1375 3967 valeatis
1387 3895 1428 3966 de
1443 3916 1508 3989 qna
1523 3895 1624 3987 igitur
1638 3907 1710 3966 ante

295 4030 475 4126 prescripto
497 4027 631 4102 domino
645 4025 814 4098 benedicto
838 4023 1011 4116 magnifico
1035 4021 1157 4093 iudice.
1185 4023 1238 4092 vel
1261 4020 1331 4092 aliis
1347 4021 1441 4091 bonis
1456 4019 1640 4092 bominibus
1653 4025 1710 4118 qni

294 4159 349 4230 bie
362 4157 474 4231 subter
488 4155 659 4248 conseripti
672 4161 748 4224 suut
764 4159 859 4223 testes
871 4147 1126 4242 repromittimus
1138 4169 1198 4218 uos
1212 4149 1269 4244 qui
1282 4169 1378 4242 supra
1392 4154 1502 4241 petrns
1517 4157 1551 4218 et
1562 4149 1710 4221 rod'redr.

242 4273 245 4279 ¹
294 4311 381 4362 sassa
404 4297 437 4358 et
460 4285 616 4356 alteram.
647 4279 795 4354 donatori
811 4286 844 4348 et
860 4273 1024 4347 donatriee
1043 4283 1077 4348 et
1091 4275 1273 4370 obligamus
1289 4295 1347 4348 nos
1360 4281 1394 4345 et
1409 4283 1534 4345 nostros
1551 4276 1700 4347 heredm.

296 4417 422 4511 tibique
445 4411 578 4485 domino
601 4407 740 4480 iohanne
762 4399 940 4496 imperialis
963 4423 1072 4475 nomes
1095 4411 1128 4473 et
1150 4400 1303 4474 triumvir
1328 4409 1360 4472 et
1383 4401 1422 4474 ad
1448 4399 1510 4477 tuis
1535 4400 1710 4474 heredibus

295 4551 332 4610 ut
358 4539 427 4632 ipsa
450 4533 630 4632 supradicta
653 4539 761 4602 nestra
787 4529 961 4602 mmuona
991 4525 1033 4597 ab
1064 4523 1216 4597 omnibus
1245 4524 1433 4598 bominibus
1456 4531 1648 4620 antestemus
1679 4533 1712 4591 et

299 4661 501 4733 delemus
538 4656 646 4731 vebis.
676 4651 773 4740 Quod
804 4651 833 4723 si
864 4649 1017 4724 antistare
1037 4655 1070 4719 et
1090 4647 1261 4721 unauna
1283 4669 1349 4718 non
1378 4649 1579 4742 potuerimus
1600 4653 1656 4722 aut
1680 4643 1708 4714 si

299 4785 435 4878 nosipsis
458 4805 501 4857 ex
523 4785 635 4856 eadem
657 4790 766 4860 nostra
799 4775 972 4848 mudum
1008 4767 1176 4846 vobiscum
1206 4771 1443 4844 musaberiaaus
1465 4778 1498 4842 et
1520 4791 1592 4842 eam
1614 4765 1709 4842 robis

300 4932 360 5001 per
383 4907 531 5006 quolibet
553 4907 721 5001 ingenium
743 4903 858 4977 uuam
878 4897 932 4976 uel
954 4899 1117 4972 enutrire.
1146 4917 1205 4970 ren
1228 4897 1394 4969 renuebam
1420 4895 1632 4992 quesierimus
1654 4888 1713 4966 eli·
