4896 6522
1387 523 1409 622 t
1434 530 1479 597 ⁸²
1504 525 1518 620 l

750 690 832 764 meis
857 685 1000 784 propriis
1023 685 1144 758 ibidem
1167 682 1290 754 abitare
1313 686 1347 754 et
1367 677 1509 750 residua
1531 673 1731 746 voluerimus
1751 671 1917 748 licentiam
1932 686 1967 752 et
1980 693 2173 774 potestatem

748 819 900 892 mamus
922 813 1044 910 absque
1067 809 1296 886 damnietatem
1319 807 1359 876 de
1380 805 1488 897 ipsrun
1510 799 1667 872 olibetum
1691 803 1788 874 etde
1811 799 1920 896 ipsum
1943 805 2166 888 arbustetnm:

748 951 782 1016 et
804 943 833 1016 si
855 941 975 1013 ibidem
997 937 1142 1032 piscbina
1165 941 1220 1006 aut
1242 935 1375 1004 furnum
1398 930 1503 1000 iacere
1527 925 1727 999 voluerimus
1749 925 1915 1000 licentiam
1930 941 1964 1002 et
1978 943 2169 1026 potestatem

749 1066 919 1138 mannos:
943 1067 975 1132 et
997 1051 1133 1152 conpar
1155 1062 1314 1152 quantiam
1335 1050 1453 1122 binum
1472 1049 1594 1122 ibidem
1616 1048 1707 1120 omni
1721 1071 1828 1124 annno
1842 1053 1996 1127 dominns
2018 1059 2096 1134 deus
2112 1067 2168 1138 de-

749 1186 836 1260 deris
857 1189 1001 1256 mustum
1022 1179 1182 1252 mundum
1204 1185 1238 1248 et
1260 1193 1471 1268 sareapannas
1493 1173 1571 1242 tuno
1593 1168 1775 1246 dividamu
1799 1172 1874 1246 illos
1896 1175 1984 1252 inter
2002 1180 2095 1254 nobis
2110 1209 2171 1281 par

749 1309 969 1382 nedautem:
999 1325 1059 1376 voa
1081 1312 1115 1374 et
1136 1303 1273 1398 posteris
1296 1298 1410 1374 vonis
1429 1299 1632 1372 medietatem
1654 1321 1717 1396 ego
1749 1309 1782 1374 et
1804 1303 1945 1399 propriis
1967 1309 2048 1382 meis
2068 1309 2170 1389 bera-

750 1433 843 1506 dibus
865 1431 1012 1502 similiter
1035 1427 1099 1500 alia
1121 1428 1327 1502 medietatem
1350 1436 1383 1500 et
1405 1450 1468 1520 ego
1492 1435 1526 1496 et
1546 1425 1681 1499 heredes
1703 1428 1785 1499 meis
1804 1429 1879 1500 illut
1895 1421 2096 1512 uindemiare
2111 1438 2169 1513 de-

749 1559 882 1630 beamus
906 1562 940 1624 at
962 1550 1054 1624 omni
1076 1557 1188 1622 nostro
1211 1547 1373 1644 expendio
1388 1556 1422 1620 et
1444 1550 1480 1622 in
1495 1548 1671 1622 vindemias
1688 1573 1752 1622 una
1767 1573 1901 1646 persona
1923 1563 2030 1628 vestm
2043 1563 2171 1634 nnniro

665 1679 671 1692 '
750 1683 922 1758 debeamus
945 1676 1111 1774 quomodo
1132 1675 1254 1750 iustum
1276 1675 1377 1750 fueris
1399 1677 1478 1750 dum
1501 1674 1537 1746 in
1560 1697 1663 1748 unnm
1687 1677 2015 1755 vindemiaverimns:
2042 1693 2076 1756 et
2098 1686 2167 1782 ipsa

623 1783 625 1788 ¹
750 1810 921 1883 medietate
951 1815 1058 1878 vestra
1088 1827 1152 1900 ego
1175 1813 1207 1876 at
1229 1803 1369 1898 propriis
1400 1804 1482 1878 meis
1513 1803 1686 1880 heredibus
1714 1805 1808 1879 vobis
1829 1807 2010 1904 vestrisque
2032 1817 2169 1908 posteris

752 1947 857 2008 traere
880 1934 1054 2008 mamers
1076 1932 1168 2025 omni
1190 1955 1295 2004 annue
1318 1940 1352 2004 at
1373 1932 1465 2005 omni
1487 1941 1599 2006 nostro
1622 1933 1784 2031 expendia
1805 1957 1910 2032 usque
1934 1947 1969 2010 at
1999 1937 2055 2012 illa
2078 1941 2165 2016 obe-

751 2063 871 2136 dientia
893 2069 999 2136 vestra
1022 2061 1123 2134 sancti
1144 2059 1252 2134 basilii
1274 2061 1316 2134 de
1334 2062 1491 2134 nonnaria
1506 2063 1575 2149 sine
1590 2063 1679 2136 omni
1695 2063 1975 2138 amaricationem:
1999 2065 2041 2141 de
2056 2067 2162 2163 ipsum

688 2174 694 2187 x
749 2197 905 2270 olivetum
928 2188 1017 2264 stetit
1039 2189 1124 2263 inter
1147 2189 1240 2261 nobis
1263 2197 1301 2262 nt
1323 2187 1413 2262 omni
1436 2209 1541 2261 annue
1564 2186 1764 2284 quandoque
1786 2187 1914 2260 abuerit
1937 2212 2000 2286 ego
2024 2196 2058 2261 at
2081 2215 2165 2290 pro-

748 2326 829 2420 priis
853 2325 933 2398 meis
956 2319 1129 2397 heredibus
1144 2317 1218 2390 illos
1231 2316 1383 2410 colligere
1398 2324 1431 2388 et
1448 2314 1602 2388 atdunare
1618 2312 1789 2386 debeamus
1804 2312 1926 2408 absque
1947 2315 2038 2388 omni
2054 2317 2165 2391 fraude

711 2497 720 2504 -
749 2461 783 2524 at
804 2451 895 2522 omni
910 2455 1022 2520 nostro
1037 2446 1216 2539 expendio:
1239 2452 1273 2517 et
1292 2442 1349 2514 ille
1364 2449 1468 2514 traete
1482 2450 1517 2512 et
1531 2449 1661 2536 portam
1677 2439 1848 2510 debeamus
1865 2449 1899 2510 at
1914 2439 1969 2513 illa
1985 2441 2164 2518 obedientia

749 2586 854 2654 restra
865 2585 898 2648 et
911 2574 959 2646 illi
978 2593 1146 2646 macanare
1162 2571 1335 2644 debeamus
1345 2569 1380 2640 in
1393 2567 1447 2640 ille
1457 2567 1556 2640 oliare
1572 2569 1687 2640 vestris
1700 2589 1777 2640 com
1792 2567 1910 2640 nostris
1927 2572 2123 2646 omninibus
2134 2587 2167 2648 et

746 2707 813 2799 ipsa
829 2699 1025 2798 pergiaturia
1038 2697 1081 2790 de
1094 2697 1202 2791 ipsum
1218 2696 1325 2770 oleare
1339 2696 1380 2768 de
1394 2695 1561 2769 communi
1576 2693 1653 2766 dare
1664 2693 1838 2768 debeamus
1860 2703 1895 2767 ct
1909 2697 1989 2770 dnm
2011 2701 2080 2794 ipse
2104 2701 2166 2772 oli-

746 2855 803 2904 ves
817 2825 1092 2904 maceraverimus
1115 2823 1240 2898 aurire
1259 2824 1434 2898 debeamus
1453 2825 1533 2897 duas
1547 2843 1699 2918 personas
1712 2830 1835 2896 vestras
1858 2825 2022 2920 quomodo
2042 2826 2162 2902 iustam

747 2957 869 3030 fueris:
887 2965 920 3028 et
942 2961 1101 3048 qnantum
1123 2949 1234 3022 oleum
1256 2947 1378 3022 ibidem
1393 2948 1543 3022 dominus
1559 2951 1638 3022 deus
1655 2948 1778 3022 dederis
1794 2949 1971 3026 dividamus
1986 2951 2058 3024 illos
2078 2953 2165 3026 inter
2287 2961 2290 2968 '

747 3083 843 3154 nobis
858 3103 916 3176 per
938 3079 1165 3152 medietatem:
1189 3100 1249 3150 ros
1271 3090 1306 3150 et
1321 3075 1459 3170 posteris
1472 3075 1587 3148 vestris
1603 3075 1828 3148 medietatema
1847 3083 1880 3148 et
1895 3100 1957 3172 ego
1973 3085 2006 3150 et
2021 3077 2162 3173 propriis

636 3201 642 3212 '
746 3204 827 3278 meis
836 3201 1008 3276 heredibus
1022 3201 1169 3274 similiter
1182 3201 1244 3272 alia
1259 3199 1430 3272 medietate
1442 3225 1456 3271 .·
1469 3208 1502 3273 et
1516 3198 1586 3293 ipsa
1599 3198 1770 3272 medietate
1784 3210 1891 3274 vura
1906 3223 1967 3274 vos
1983 3211 2017 3274 et
2027 3204 2161 3298 posteris

746 3330 859 3404 neruis
881 3329 957 3400 illos
979 3328 1097 3402 exinde
1120 3333 1225 3398 traete
1247 3325 1388 3400 debeatis
1411 3324 1578 3419 quomodo
1600 3324 1793 3418 potueritis.-
1812 3336 1845 3400 et
1866 3324 1895 3398 si
1918 3325 2008 3424 quod
2023 3328 2107 3401 absit
2131 3339 2165 3403 et

745 3451 813 3546 ipse
835 3451 950 3522 oliarie
974 3458 1081 3524 vesus
1097 3445 1242 3520 dimnbte
1265 3445 1365 3520 fueris
1388 3453 1466 3518 tnnc
1488 3467 1550 3540 ego
1573 3455 1606 3518 et
1628 3445 1768 3542 propriis
1790 3450 1872 3520 meis
1893 3449 2069 3525 heredibus
2091 3452 2162 3548 ipse

747 3577 849 3656 olives
871 3585 1002 3670 portare
1035 3574 1207 3651 debeamus
1238 3583 1272 3647 at
1302 3594 1470 3649 macenare
1497 3575 1538 3648 ad
1561 3571 1624 3645 alie
1647 3573 1747 3646 oliare
1770 3575 1805 3646 in
1826 3585 2006 3650 memorato
2029 3575 2105 3650 loco
2127 3587 2163 3650 et

746 3707 816 3800 ipsa
829 3701 1048 3776 macenatnria
1064 3695 1179 3774 &mos
1194 3703 1235 3774 de
1249 3721 1422 3776 commuue
1438 3699 1588 3798 absuper
1603 3701 1723 3798 legitur
1737 3711 1770 3774 et
1784 3723 1848 3776 non
1863 3701 1985 3776 aboatis
1997 3705 2164 3778 licentiam

749 3850 808 3901 vos
832 3837 865 3898 et
887 3827 1023 3921 posteris
1046 3827 1161 3900 restris
1183 3837 1216 3898 et
1239 3837 1418 3929 memorato
1440 3841 1553 3904 sancto
1575 3837 1684 3905 vestro
1704 3831 1902 3904 monasterio
1915 3827 1998 3904 milri
2013 3831 2164 3926 maeque

749 3955 889 4050 propriis
911 3954 1084 4030 heredibus
1108 3958 1225 4032 exinde
1248 3958 1367 4032 iactare
1394 3966 1451 4030 aut
1472 3959 1547 4034 illos
1569 3957 1682 4032 tollere
1707 3981 1768 4054 per
1789 3959 1918 4034 nullum
1941 3957 2077 4032 modum
2101 3981 2163 4032 nee

690 4113 695 4122 ·
743 4101 802 4174 per
832 4081 1016 4156 summissae
1047 4101 1217 4178 personare
1253 4107 1337 4162 rene
1361 4105 1424 4178 ego
1447 4093 1481 4157 et
1502 4081 1644 4181 propriis
1666 4083 1748 4156 meis
1769 4083 1942 4160 heredibus
1964 4081 2039 4157 illos
2063 4082 2162 4160 lavo-

742 4219 847 4282 ranles
869 4218 902 4280 ot
924 4221 1122 4308 monentes
1145 4223 1179 4284 et
1201 4212 1312 4284 omnia
1334 4219 1512 4284 memorata
1536 4212 1736 4308 stimulentee
1747 4263 1964 4289 ..........
1980 4273 1985 4285 .
2001 4264 2155 4290 .......

1239 4521 1631 4594 ‚namu-⁸

2298 23 2306 36 ⁸
2407 54 2411 91 ι

2409 260 2420 505 l

2415 510 2425 817 l

2414 822 2425 1035 l
