4896 6522
1449 579 1462 673 t
1486 587 1529 646 o
1554 577 1567 668 r

798 744 883 816 inter
905 764 939 814 se
963 764 1004 814 ex
1027 747 1152 836 partem
1176 734 1305 808 riatello
1328 745 1361 806 et
1383 730 1541 804 labinario
1554 725 1700 800 exlinata
1725 733 1760 796 et
1773 725 1816 798 da
1833 726 1910 799 inde
1933 731 2073 826 qualiter
2096 739 2219 810 scandit

800 871 940 944 finiendo
964 871 998 941 in
1021 877 1145 961 partem
1177 859 1412 956 septemtrionis
1444 875 1548 949 mque
1571 862 1605 924 at
1627 873 1715 924 serra
1747 852 1918 926 cauditum
1948 856 1989 929 do
2024 883 2093 934 uno
2127 866 2221 958 capi.

803 1002 868 1060 tem
891 1003 1014 1082 partem
1039 985 1216 1058 meridiana
1241 979 1337 1050 terris
1368 977 1409 1048 dc
1432 972 1653 1048 homminibus
1677 973 1718 1045 de
1740 973 1938 1051 carebertum
1960 981 2056 1054 sicani
2079 986 2164 1059 inter
2187 1011 2222 1062 se

803 1113 932 1205 egripus
955 1109 1083 1182 exiinat.
1105 1115 1139 1178 et
1161 1105 1201 1175 de
1224 1103 1289 1173 alio
1311 1099 1449 1195 capitem
1470 1095 1608 1192 qualiter
1622 1095 1713 1168 badlt
1727 1107 1761 1170 et
1781 1099 1924 1173 ascendit
1946 1123 2049 1200 usque
2071 1119 2105 1178 at
2130 1111 2220 1184 iam-

804 1237 887 1307 dicta
910 1256 997 1305 serra
1019 1231 1209 1303 cauditum:
1236 1227 1323 1300 unde
1349 1247 1410 1298 nos
1425 1221 1574 1320 {quesivit
1596 1223 1733 1298 dicendo
1754 1244 1829 1321 pars
1847 1238 1968 1302 vestras
1992 1234 2037 1306 ud
2058 1257 2119 1307 nos
2141 1261 2225 1331 pre-

804 1363 1031 1432 baricassemus
1064 1356 1135 1452 ipsa
1169 1357 1268 1430 finem
1291 1365 1323 1430 et
1353 1354 1576 1426 introissemus
1597 1349 1635 1422 in
1657 1362 1872 1428 memoratum
1908 1357 2045 1432 casalem
2079 1367 2224 1436 autrum

805 1489 864 1583 qui
897 1493 1030 1557 vooaurr
1063 1483 1246 1555 urbanum:
1280 1503 1355 1577 pars
1385 1487 1493 1552 auum
1520 1485 1629 1580 nostra
1659 1477 1817 1551 asserebat
1845 1481 1890 1554 ud
1916 1483 1961 1554 ita
1992 1505 2062 1556 non
2100 1498 2222 1562 exuet:

808 1615 927 1688 iterum
950 1631 1024 1703 pars
1045 1617 1156 1680 nostra
1179 1605 1337 1680 asserebat
1360 1604 1406 1676 ud
1428 1623 1489 1674 nos
1511 1601 1680 1675 aberamus
1702 1601 1846 1684 chartula
1868 1605 1957 1700 quod
1982 1619 2015 1678 at
2041 1613 2227 1704 parentibus

809 1734 929 1807 nostris
942 1732 1066 1805 lederet
1088 1729 1310 1804 homminibus
1332 1725 1447 1802 arbitri
1469 1725 1639 1800 memorati
1661 1730 1761 1801 vestri
1783 1731 1968 1804 monasterii
1990 1734 2137 1828 partibus
2159 1743 2228 1811 mi-

813 1861 882 1932 litie
904 1871 937 1932 et
960 1857 1105 1954 partibus
1127 1857 1401 1951 langobardam
1423 1857 1464 1934 dc
1487 1862 1668 1928 memorato
1690 1855 1764 1927 loco
1780 1855 1983 1931 catinianum
2006 1862 2066 1956 qui
2090 1863 2230 1938 declarat

814 1997 971 2082 quantum
993 2007 1052 2058 nos
1075 1985 1196 2058 ibidem
1220 1985 1315 2055 abere
1339 1981 1503 2056 debemus.
1527 1992 1561 2060 et
1583 2003 1658 2077 pars
1680 1989 1790 2056 nostra
1813 1983 1998 2060 dicebamus
2022 1990 2067 2060 ud
2086 2011 2146 2064 nos
2161 1992 2232 2086 ipsa

815 2109 996 2182 chartulam
1017 2131 1084 2180 non
1107 2107 1283 2181 aberamus.
1307 2115 1340 2176 ot
1364 2107 1442 2183 dum
1465 2101 1573 2175 taliter
1603 2103 1842 2182 altercassamuo
1864 2115 1939 2179 ante
1962 2107 2105 2183 iudicem
2131 2115 2231 2208 ,pub-
2324 2095 2327 2100 ’
2428 2209 2433 2220 ν

818 2237 894 2308 blici
918 2260 982 2331 que
1006 2236 1113 2308 ambas
1137 2241 1244 2330 partes
1266 2231 1387 2306 ibidem
1409 2229 1609 2330 portabimus
1633 2232 1896 2308 at'ludlcaudum
1926 2235 2109 2312 tribuerunt
2149 2241 2234 2315 istu

690 2371 694 2380 '
822 2371 879 2433 nos
914 2361 976 2431 hoc
999 2361 1154 2432 iudicium
1177 2363 1222 2433 ud
1245 2383 1304 2453 per
1326 2369 1433 2454 partes
1465 2358 1585 2431 ibidem
1612 2358 1758 2435 cbartula
1789 2362 2040 2437 ostenderemus.
2064 2373 2098 2438 et
2120 2377 2236 2442 ustau-

821 2489 904 2559 sistis
919 2509 977 2558 vos
994 2487 1087 2558 nobis
1100 2509 1161 2558 una
1176 2485 1320 2559 chartula
1332 2489 1512 2566 serenitatis
1529 2509 1628 2609 quem
1644 2487 1761 2562 exindo
1779 2491 1926 2564 fecerunt
1939 2502 2119 2569 memerato
2132 2517 2239 2594 quon-

823 2611 897 2680 dam
921 2609 1059 2682 iobanno
1082 2607 1226 2680 tiniosus.
1250 2619 1284 2688 et
1306 2617 1486 2679 memorato
1508 2607 1649 2682 iohanne
1664 2619 1698 2683 et
1713 2609 1779 2685 alio
1793 2609 1934 2687 iohanne
1957 2614 2109 2692 affiliatus
2132 2619 2238 2693 mauri

824 2733 1008 2826 parentibus
1023 2731 1141 2808 nostrie
1156 2733 1196 2802 da
1211 2740 1392 2801 memorato
1407 2731 1481 2803 loco
1506 2731 1709 2805 catinianum
1722 2741 1756 2806 at
1778 2737 1943 2832 quondam
1959 2737 2077 2812 sillioto
2092 2738 2163 2813 lilio
2179 2743 2238 2815 lu-

826 2859 925 2954 perisi
941 2868 973 2932 et
985 2857 1128 2932 marculo
1138 2857 1206 2931 filio
1219 2858 1336 2930 sicardi
1352 2867 1384 2929 et
1398 2857 1468 2930 aliis
1483 2867 1648 2932 consortes
1662 2883 1779 2935 eorum
1789 2861 1982 2936 abitatoribu
1995 2865 2051 2937 sds
2060 2877 2242 2940 memorato

830 2983 902 3051 loco
935 2981 1130 3053 catinianum
1157 2981 1220 3076 ⁴qui
1252 2981 1382 3054 luerunt
1413 2981 1525 3052 arbitri
1552 2983 1678 3056 lundati
1705 2985 1876 3058 memorati
1899 2987 1998 3059 secui
2027 2993 2242 3064 monasterii:

830 3105 947 3176 iterum
970 3113 1002 3177 et
1025 3127 1082 3176 nos
1105 3104 1298 3176 ostensimus
1321 3103 1413 3177 vobis
1436 3127 1500 3177 una
1524 3105 1671 3176 charada
1693 3105 1889 3180 delinitionis
1907 3110 2144 3186 combenientie
2176 3137 2244 3210 que

831 3241 864 3300 at
879 3231 955 3324 ipsis
970 3232 1153 3328 parentibus
1164 3232 1282 3303 nostris
1291 3233 1435 3304 iecerunt
1451 3233 1513 3327 ipsi
1528 3233 1771 3308 arbitritundati
1781 3236 1950 3310 mmorau
1973 3239 2072 3310 casui
2087 3249 2240 3313 monaste·

831 3356 872 3427 rli
885 3377 945 3448 pro
968 3357 1040 3428 vice
1063 3356 1195 3430 illorum
1217 3367 1250 3429 et
1272 3381 1333 3452 pro
1354 3357 1428 3429 vire
1443 3356 1483 3429 do
1498 3359 1697 3432 consortibus
1722 3343 1836 3434 mum
1851 3363 2053 3458 quommodo
2067 3361 2148 3438 illud
2163 3368 2245 3443 iuter

834 3507 869 3554 se
892 3483 1078 3556 diviserunt.
1109 3494 1142 3555 et
1171 3485 1234 3580 ipsi
1257 3485 1371 3557 arbitri
1394 3486 1519 3557 fundati
1543 3487 1713 3558 memorati
1744 3485 1843 3558 sutri
1872 3489 2060 3562 monasterii
2083 3515 2145 3587 pro
2174 3499 2245 3569 sios

833 3609 966 3682 illorum
990 3620 1022 3681 et
1044 3633 1103 3704 pro
1125 3611 1196 3682 vioe
1221 3613 1260 3683 de
1283 3611 1346 3704 ipsi
1368 3607 1571 3681 consortibm
1595 3631 1709 3685 eorum
1731 3606 1877 3680 uliumt
1899 3633 1920 3681 a
1941 3623 2034 3705 parta
2056 3615 2099 3688 de
2122 3639 2246 3692 memo-

835 3747 941 3810 ratum
965 3737 1099 3810 casalem
1123 3749 1265 3810 vestrum
1289 3740 1329 3810 de
1355 3745 1535 3807 maternum
1550 3735 1608 3832 qui
1622 3735 1670 3806 ibi
1685 3745 1734 3807 est
1749 3759 1769 3804 a
1786 3745 1963 3807 memorata
1985 3747 2076 3832 parto
2098 3743 2245 3820 orientis.

837 3875 869 3934 et
892 3864 970 3956 ipsis
992 3866 1175 3958 parentibus
1198 3864 1317 3936 nostris
1340 3861 1487 3934 tulissent
1510 3865 1550 3933 da
1573 3875 1697 3955 partem
1720 3863 1760 3932 de
1783 3871 1998 3934 memoratum
2022 3865 2131 3940 ribum
2166 3893 2243 3942 ma-

834 3992 904 4064 iore
927 3991 990 4066 boe
1003 4003 1050 4066 est
1066 4017 1085 4068 a
1100 4000 1276 4067 memorata
1299 3999 1388 4086 parte
1412 3987 1596 4062 occidentis.
1614 3998 1647 4060 et
1662 3986 1839 4060 iudicatum
1862 3997 1909 4060 est
1931 3988 2049 4063 exinde
2072 3992 2156 4068 inter
2183 3997 2245 4070 no·-

721 4163 725 4172 -
836 4119 886 4190 bis
902 4122 946 4192 ud
962 4143 1020 4196 nos
1034 4118 1338 4216 poneremus-vohis
1354 4115 1499 4188 chartula
1508 4115 1738 4210 promissionis.
1753 4113 1797 4186 ita
1810 4121 1843 4186 et
1856 4135 1915 4188 nos
1929 4119 2116 4194 memoratis
2135 4143 2249 4196 omnes

837 4253 982 4346 parentes
1013 4255 1175 4317 consortes
1199 4265 1264 4314 una
1287 4262 1364 4312 cum
1387 4261 1579 4312 eonsensum
1607 4249 1641 4311 et
1663 4237 1871 4312 volumtatem
1893 4237 1934 4312 de
1956 4245 2142 4319 mamomtis
2165 4272 2250 4344 per-

840 4371 927 4442 sonis
950 4371 1087 4446 catinos
1113 4367 1270 4465 ospitibus
1301 4367 1415 4440 censiti
1447 4389 1592 4441 summus
1621 4387 1679 4460 per
1702 4388 1763 4438 ano
1790 4365 1970 4440 chartulam
1993 4372 2254 4465 repromimionis

836 4493 931 4568 vobis
954 4503 1134 4565 memorato
1153 4492 1298 4582 ‚domino
1328 4490 1471 4585 pancrati
1503 4489 1678 4562 venerabili
1700 4487 1864 4585 'ygumeno
1886 4503 1920 4563 et
1942 4504 1976 4564 ut
2000 4507 2116 4568 cuncta
2138 4511 2251 4576 matra

838 4619 1120 4718 congregationem
1142 4619 1377 4692 monachorum
1408 4617 1578 4690 memorati
1604 4615 1705 4687 sancti
1728 4627 1760 4688 at
1782 4619 1975 4694 venerabilis
1998 4625 2100 4696 vestri
2129 4647 2253 4703 mona-

839 4745 927 4816 sterii
950 4746 1026 4840 quia
1049 4767 1226 4842 numquam
1250 4742 1499 4838 presummimus
1522 4761 1581 4810 nos
1603 4737 1656 4810 vel
1677 4737 1854 4813 heredibus
1877 4745 1995 4816 nostris
2019 4767 2081 4819 neo
2098 4747 2255 4830 abeamus

843 4870 1005 4952 licentiam
1029 4871 1201 4976 aliquando
1235 4881 1414 4966 temporem
1437 4869 1477 4940 de
1499 4875 1713 4946 memoratum
1735 4867 1872 4941 easdem
1896 4883 2042 4950 vostrum
2065 4877 2124 4970 qui
2146 4889 2196 4952 eut
2217 4883 2255 4956 in
