4896 6522
1387 528 1531 622 (11⁴)

1408 815 1542 890 OECVL

607 1078 678 1148 An.
785 1130 790 1141 .
844 1079 873 1175 †
897 1081 934 1148 lo
965 1077 1098 1148 nomine
1128 1073 1255 1148 domini
1278 1073 1332 1144 dei
1354 1068 1525 1144 sdvrtoria
1544 1069 1650 1142 nostri
1665 1066 1763 1140 lieno
1786 1067 1908 1144 Cirrirti
1924 1069 2102 1164 Imperante
2116 1069 2179 1145 do·

592 1211 698 1272 1017.
749 1210 840 1285 mino
863 1213 974 1280 roano
996 1202 1112 1274 basilio
1135 1219 1255 1295 magno
1278 1201 1475 1296 imperatore
1500 1219 1585 1270 anno
1608 1197 1883 1294 qoinqncgerimo
1904 1199 2040 1270 aemio:
2064 1199 2121 1306 aed
2143 1211 2176 1272 et

750 1333 952 1412 oomtmtino
983 1347 1105 1425 mo'gno
1128 1330 1324 1425 imperatore
1346 1331 1445 1402 stater
1469 1327 1539 1401 eim
1562 1347 1650 1398 anno
1672 1326 1945 1424 qmmagerimo
1967 1328 2102 1424 quinto:
2124 1330 2177 1402 die

749 1437 960 1534 mnodecima
973 1453 1093 1526 mensis
1110 1451 1214 1550 magii
1224 1450 1400 1524 indictione
1411 1449 1516 1545 prima
1529 1447 1673 1543 neapoli:
1690 1449 1832 1522 dionisia
1850 1450 2018 1522 dirmioo'n
2034 1453 2119 1525 taen
2134 1453 2174 1526 ir

749 1607 804 1663 me
828 1582 970 1658 martino
1006 1581 1075 1654 ilio
1105 1579 1270 1675 quondam
1299 1578 1444 1672 rtephroi
1475 1577 1653 1672 primicerii
1678 1577 1736 1672 qui
1764 1577 2053 1672 cognondnabctor
2077 1581 2175 1676 perri

751 1713 914 1792 mneos·
946 1719 1057 1786 autem
1088 1711 1124 1782 io
1156 1709 1229 1782 loco
1261 1706 1321 1803 qai
1351 1716 1488 1778 roratur
1519 1705 1717 1800 oepitininnu
1741 1705 1831 1800 quod
1854 1714 1904 1777 eet
1926 1706 2006 1778 ioris
2027 1707 2172 1786 dobeom

631 1903 633 1910 .
751 1842 918 1918 erritorio
938 1839 1108 1938 plogiemi.
1135 1837 1186 1910 Do
1201 1835 1342 1930 integrm
1357 1837 1438 1908 duca
1452 1845 1555 1907 terror
1570 1834 1651 1908 iuria
1668 1833 1854 1906 monasterii
1877 1842 2063 1908 sanctorum
2078 1859 2173 1909 mar-

751 1964 863 2036 cellini
884 1969 918 2034 et
940 1961 1023 2054 petri
1055 1959 1237 2054 puedarum
1267 1957 1390 2030 domini
1422 1979 1504 2053 quea
1527 1979 1591 2051 ego
1621 1965 1801 2029 memorato
1825 1955 1967 2028 mardoo
1986 1979 2055 2048 per·
2069 1959 2172 2032 eham

752 2095 854 2170 tulam
876 2093 919 2166 ad
942 2089 1167 2185 pastinandam
1191 2087 1358 2182 adpreenri
1382 2087 1423 2160 da
1446 2086 1610 2182 qnondam
1640 2085 1769 2158 domina
1793 2085 1890 2158 droco
1914 2085 2089 2158 venerabili
2114 2087 2171 2157 ab·

752 2222 871 2294 batiera
894 2219 1081 2292 memoratis
1103 2217 1289 2289 monosterii
1313 2238 1377 2289 uno
1400 2237 1476 2288 eum
1498 2225 1613 2286 cuncta
1637 2213 1763 2286 illarum
1784 2214 2067 2309 congregationem
2094 2239 2169 2289 mo-

752 2349 930 2424 nachium
961 2348 1133 2420 memorati
1168 2347 1267 2418 caneo
1291 2352 1325 2418 et
1347 2343 1541 2418 venerabilia
1573 2344 1645 2416 eiua
1667 2341 1861 2416 monosterii.
1883 2363 1949 2414 noa
1972 2341 2057 2415 iero
2081 2349 2169 2418 terra

752 2493 819 2566 que
843 2477 979 2554 vocatur
1003 2469 1043 2542 cd
1065 2475 1161 2564 pratu
1185 2478 1219 2540 et
1240 2465 1303 2540 aiio
1327 2491 1392 2565 poe
1415 2454 1603 2541 nominator
1625 2465 1667 2539 ad
1689 2465 1810 2538 miore
1832 2464 1964 2537 insimul
1987 2474 2021 2538 et
2044 2466 2086 2540 de
2110 2467 2170 2540 alie

751 2619 814 2672 ma
837 2597 923 2691 petie
949 2597 991 2667 de
1014 2605 1100 2668 terra
1131 2594 1212 2668 iuria
1244 2594 1345 2690 ipsius
1378 2594 1564 2666 monasterii
1597 2617 1661 2691 que
1684 2603 1820 2665 vocatur
1844 2591 2012 2665 nobisculc
2036 2593 2182 2667 insimul.

750 2722 937 2792 constitutos
958 2741 1040 2793 vero
1063 2720 1098 2790 in
1121 2729 1303 2790 memorato
1327 2716 1401 2789 looo
1425 2717 1654 2812 capitinianum
1685 2740 1784 2814 qnam
1813 2719 1883 2814 ipra
1906 2711 2063 2790 abbatissa
2085 2718 2166 2792 midi

751 2851 792 2921 ad
823 2849 1055 2940 pastenaodum
1087 2847 1175 2920 dedit
1197 2870 1256 2940 per
1280 2845 1341 2916 alia
1365 2845 1510 2917 chartula
1543 2869 1625 2940 quos
1648 2843 1731 2916 mihi
1755 2843 1832 2916 fecit
1855 2843 1895 2914 de
1918 2843 2059 2939 integrae
2084 2843 2165 2916 duaa

750 2975 906 3047 fundoras
928 2976 1022 3048 etde
1046 2974 1250 3070 aliumque
1273 2974 1342 3068 ipsa
1366 2972 1428 3043 clia
1452 2970 1598 3044 chartula
1621 2971 1764 3044 conticet
1788 2971 1869 3044 iuris
1884 2971 2067 3044 memoratis
2085 2994 2165 3042 mo-

749 3098 891 3172 nasterii.
914 3109 953 3171 ut
975 3120 1038 3194 ego
1061 3098 1131 3192 ipsa
1155 3097 1218 3170 alia
1241 3097 1327 3192 petia
1351 3095 1391 3168 de
1416 3105 1594 3169 memorata
1609 3103 1774 3190 pertenere
1798 3105 1832 3167 et
1856 3098 1902 3170 sio
1919 3095 2064 3171 dividere
2080 3095 2168 3168 iiiam

747 3229 839 3302 sicud
863 3228 1080 3302 divideremus
1104 3233 1298 3298 memorator
1320 3227 1399 3297 duaa
1415 3232 1524 3314 ¹terras
1539 3231 1576 3295 ut
1590 3223 1659 3318 ipra
1674 3222 1736 3294 alia
1753 3221 1898 3298 charum
1917 3224 2070 3298 continet.
2086 3245 2165 3320 quae

746 3378 808 3450 ego
831 3365 1008 3427 memorato
1031 3353 1172 3425 martino
1205 3375 1258 3424 eoa
1291 3351 1436 3423 dividere
1465 3349 1554 3422 onus
1585 3371 1659 3421 aum
1691 3351 1727 3421 in
1751 3351 1898 3447 quintam
1920 3358 2058 3445 partem.
2083 3349 2167 3422 inter

748 3499 803 3548 me
827 3484 860 3545 et
881 3475 941 3545 hor
964 3473 1115 3546 videlicet
1137 3472 1268 3544 domina
1291 3473 1446 3543 musarde
1469 3469 1662 3544 venerabilis
1695 3471 1851 3544 abbatissa
1873 3473 2059 3544 memoratis
2085 3495 2166 3544 mo-

747 3599 882 3671 nosterii
917 3607 950 3669 et
985 3608 1100 3668 cuncta
1132 3609 1240 3668 sancta
1272 3607 1378 3668 vestra
1418 3598 1700 3693 congregationem
1734 3596 1966 3670 monacharum
1996 3597 2167 3670 memoran'

747 3721 849 3792 sancti
873 3729 906 3790 et
927 3717 1118 3791 venerabilis
1142 3717 1258 3790 vernis
1290 3719 1474 3790 monosterii
1507 3709 1616 3793 hundo
1641 3719 1733 3792 vobis
1759 3719 1875 3792 exinde
1898 3719 2037 3814 pertinet
2060 3704 2165 3814 perier

746 3855 821 3918 tres.
846 3868 906 3940 pro
930 3845 1002 3940 ipso
1025 3853 1136 3917 sancto
1160 3855 1269 3916 restro
1292 3846 1488 3918 monasterio
1513 3856 1545 3919 et
1565 3847 1658 3918 nobie
1674 3849 1791 3919 exinde
1806 3847 1944 3942 pertinet
1959 3857 2066 3942 portes
2087 3847 2166 3920 door

745 3994 806 4068 pro
829 3973 898 4067 ipsa
921 3982 1030 4046 nostra
1053 3973 1305 4068 pasteoationem
1336 3973 1429 4046 sicud
1461 3974 1530 4068 ipsa
1559 3973 1702 4044 chartola
1733 3975 1960 4069 pastenationia
1982 3999 2055 4049 mee
2087 3997 2164 4047 con-

744 4096 836 4166 tinet.
863 4096 981 4167 Hundc
1006 4095 1111 4189 tetigit
1134 4097 1251 4168 exinde
1274 4097 1311 4167 in
1333 4097 1395 4168 ista
1417 4096 1522 4187 prima
1545 4097 1728 4190 portionem
1750 4098 1809 4170 bos
1832 4111 2011 4173 memorate
2034 4099 2162 4174 domina

747 4223 901 4293 musondo
925 4222 1119 4296 venerabilis
1143 4221 1299 4292 abbatissa
1323 4233 1356 4294 et
1387 4234 1502 4294 concta
1525 4237 1633 4301 sancta
1656 4235 1762 4300 veetrr
1785 4227 2069 4322 congregationem
2090 4249 2162 4298 mo-

745 4345 925 4418 nacharum
947 4365 1009 4438 pro
1032 4343 1105 4415 vice
1129 4341 1300 4414 memorati
1323 4343 1425 4416 aaocti
1449 4347 1564 4420 vestris
1587 4349 1772 4419 monasterii
1797 4371 1857 4444 pro
1881 4349 1965 4444 ipen
1980 4357 2044 4419 tres
2059 4355 2165 4441 parter

745 4481 867 4546 vestran
891 4494 971 4566 quas
993 4493 1053 4542 vos
1076 4469 1254 4542 adunatum
1278 4469 1393 4544 toliere
1415 4471 1537 4546 debetis¹
1560 4483 1821 4567 prememorato
1836 4485 1946 4548 sancto
1963 4481 2071 4548 vestro
2087 4495 2165 4546 mo-

744 4600 894 4672 nesterio'.
919 4600 1013 4668 iDeat
1034 4596 1258 4691 prenominata
1281 4598 1405 4693 integre
1428 4607 1514 4672 terra
1537 4622 1602 4694 que
1625 4609 1760 4672 vocatur
1784 4600 1825 4673 ad
1844 4610 1975 4700 protum
1988 4599 2049 4698 qui
2063 4605 2109 4672 ert
2123 4596 2164 4669 de

744 4746 811 4815 uno
833 4725 935 4795 latere
958 4722 1043 4796 iusta
1066 4733 1150 4796 terra
1174 4723 1215 4795 de
1238 4724 1287 4796 illi
1305 4719 1468 4796 moncola.
1492 4735 1524 4794 et
1548 4725 1587 4796 de
1611 4725 1674 4797 aiio
1698 4726 1796 4800 intere
1820 4729 1904 4799 iusta
1929 4737 2164 4817 terramemo·

743 4845 821 4918 ratis
844 4847 959 4920 vernis
983 4845 1169 4920 monasterii
1192 4865 1291 4940 quem
1307 4842 1348 4914 cd
1365 4846 1594 4936 proterendum
1608 4847 1712 4921 tenuit
1726 4847 1882 4923 iohannes
1901 4848 2063 4944 pullorolo
2081 4870 2164 4944 qua·
