4896 6522
1406 545 1552 640 (ot
1628 476 1636 492 ”

1393 825 1559 898 ccxcvt.

618 1098 688 1170 An.
856 1105 887 1198 †
910 1099 1101 1174 innomine
1124 1093 1248 1168 domini
1271 1089 1324 1162 dei
1347 1087 1514 1162 sdrrtoris
1539 1085 1643 1159 nostri
1659 1083 1763 1157 ‘lbesu
1784 1083 1906 1158 Christi
1921 1088 2100 1182 lmpemme
2116 1101 2185 1173 do-

607 1231 710 1295 toto.
762 1229 852 1303 mino
874 1231 985 1296 nostro
1007 1220 1121 1292 basilio
1143 1238 1263 1311 magno
1284 1215 1482 1308 imperatore
1512 1231 1598 1282 auno
1620 1209 1894 1304 quinquagesimo
1916 1223 2030 1288 sexto:
2063 1220 2119 1290 sed
2152 1229 2186 1292 et

728 1387 731 1396 ·
762 1346 962 1424 constentino
985 1347 1083 1417 frater
1105 1342 1177 1416 eius
1199 1363 1321 1436 magno
1343 1339 1658 1442 imperotorovmuro
1681 1335 1952 1429 quinquagesimo
1975 1339 2092 1410 tertie:
2130 1343 2185 1414 die

761 1496 844 1550 nona
865 1467 986 1546 mensis
1008 1466 1164 1539 februarii
1186 1464 1361 1538 indictione
1384 1459 1625 1556 quartadecima
1646 1457 1795 1551 nepoti:
1818 1458 1952 1534 Certum
1975 1469 2025 1532 est
2048 1484 2102 1534 ure
2124 1487 2184 1537 ce-

759 1595 846 1668 sario
869 1593 928 1689 qui
951 1589 1138 1662 nominatur
1160 1588 1294 1682 piscopo
1306 1583 1385 1658 filio
1406 1582 1572 1678 qnondam
1594 1579 1705 1654 donati
1728 1579 1866 1652 abitator
1889 1583 1923 1654 in
1946 1583 2021 1656 loco
2037 1587 2096 1682 qui
2120 1609 2179 1660 no·

760 1719 904 1792 mtmon
926 1713 1109 1786 tribianum
1132 1709 1212 1784 toris
1235 1708 1380 1782 ttubeum
1405 1704 1567 1778 territorio
1583 1703 1767 1799 pugione:
1793 1703 1980 1796 Aprereuti
2004 1708 2057 1780 die
2071 1731 2182 1802 prorn-

763 1847 885 1918 tissimn
907 1842 1071 1916 voluntate
1093 1837 1250 1935 promitto
1272 1835 1366 1934 robis
1389 1831 1522 1906 domino
1545 1832 1691 1926 pancrati
1714 1831 1894 1904 venerabili
1922 1837 2077 1928 igumeno
2099 1856 2179 1908 mo-

684 2007 685 2012 *
764 1974 894 2048 nmterii
916 1978 1101 2042 sanctorum
1124 1968 1222 2062 sergii
1245 1975 1278 2039 et
1300 1961 1407 2035 bachii
1431 1963 1490 2060 qui
1513 1986 1600 2034 nunc
1623 1968 1840 2056 congregatos
1862 1969 1912 2032 ert
1934 1961 1969 2032 in
1985 1967 2178 2037 monasterio

761 2111 949 2188 sanctorm
963 2093 1114 2170 theodori
1130 2099 1163 2164 et
1178 2090 1350 2167 sebastiani
1366 2089 1423 2186 qui
1440 2089 1618 2185 appellatur
1643 2087 1800 2182 easapfctc
1812 2085 1914 2158 situm
1926 2086 1961 2157 in
1976 2087 2181 2162 viridiarium

762 2239 796 2298 et
828 2237 861 2298 nt
883 2237 981 2300 cnntn
1006 2235 1116 2300 sancte
1144 2231 1252 2297 restra
1282 2219 1530 2314 congregatione
1560 2215 1797 2291 monachorum
1829 2217 1999 2288 memorati
2025 2219 2126 2288 sancti
2148 2228 2180 2290 et

761 2356 949 2430 venerabilis
981 2354 1079 2426 vestri
1109 2348 1312 2424 monosterii:
1347 2355 1477 2442 propter
1504 2348 1668 2440 integrum
1700 2365 1803 2418 unum
1837 2343 2007 2416 cuniolum
2037 2353 2177 2417 vestrum

760 2485 801 2555 de
825 2455 909 2554 terra
939 2482 1102 2553 exendum
1125 2501 1216 2556 scum
1238 2486 1272 2548 et
1294 2499 1360 2550 uun
1382 2476 1470 2572 petia
1493 2479 1534 2550 de
1557 2484 1642 2546 terre
1666 2483 1770 2550 vestra
1800 2474 1880 2546 iuris
1912 2474 2084 2546 memorati
2113 2497 2177 2546 re·

759 2611 817 2682 stri
848 2605 1032 2680 monasterii
1055 2606 1188 2676 insimul
1218 2605 1324 2702 posita
1355 2607 1392 2678 in
1422 2604 1515 2677 illum
1538 2611 1648 2678 monte
1671 2611 1815 2676 uestrum
1847 2603 1907 2698 qui
1928 2611 1979 2674 est
2010 2603 2045 2674 in
2068 2610 2176 2674 monte

759 2731 901 2802 besubeo
924 2753 987 2802 una
1012 2753 1089 2802 cum
1112 2729 1167 2800 ille
1192 2727 1324 2824 soapufe
1347 2705 1520 2820 enipeum
1543 2725 1708 2800 coniolum
1731 2725 1790 2822 qui
1813 2735 1889 2800 eunt
1911 2725 1952 2798 de
1974 2724 2056 2798 anba
2081 2725 2177 2798 latera

759 2859 926 2954 quomodo
948 2858 1112 2932 descendit
1126 2857 1172 2928 ‘in
1197 2855 1330 2928 sobrias
1353 2863 1476 2930 vemas
1500 2865 1533 2926 et
1555 2855 1610 2930 illc
1633 2855 1844 2950 scopuloqui
1867 2863 1941 2928 sunt
1963 2854 2003 2927 de
2026 2852 2108 2924 anba
2123 2876 2177 2924 ca-

677 3027 684 3038 ·
759 2982 828 3074 pita
851 3004 894 3052 ex
917 2981 1023 3074 ipsum
1057 2981 1223 3052 coniolum
1255 2981 1290 3050 in
1322 2989 1428 3052 restra
1459 2978 1670 3050 reserbastitis
1694 2985 1905 3072 potestatem:
1936 2987 1969 3050 et
1999 2977 2068 3070 ipsa
2091 2975 2175 3072 petia
2240 2963 2246 2972 ’

759 3107 832 3176 abet
854 3105 927 3176 finis
950 3105 989 3176 de
1014 3129 1079 3177 una
1102 3115 1194 3200 parte
1215 3104 1289 3176 ribo
1305 3113 1415 3176 vestro
1430 3104 1488 3197 qui
1503 3104 1688 3176 nominatur
1714 3105 1754 3176 de
1769 3103 1927 3175 iohanne:
1950 3103 1990 3174 de
2006 3103 2069 3174 alia
2084 3114 2176 3197 parte

759 3239 841 3302 terra
864 3239 969 3302 vestra
993 3229 1051 3302 ubi
1075 3239 1123 3304 est
1145 3229 1328 3300 insertitum
1351 3236 1493 3300 restrum
1508 3251 1573 3322 que
1588 3228 1624 3298 in
1638 3233 1744 3298 vestra
1759 3227 1945 3298 rescrbastis
1962 3235 2174 3322 potestatem.-

758 3361 791 3422 et
814 3351 855 3423 de
877 3375 945 3423 uno
968 3353 1073 3446 capite
1104 3361 1152 3423 est
1180 3351 1388 3421 castanietum
1418 3359 1563 3422 restrum
1580 3371 1652 3445 que
1675 3349 1711 3420 in
1741 3359 1846 3422 restra
1870 3350 2054 3421 reserbestis
2076 3359 2174 3444 pote-

758 3485 858 3548 state:
894 3487 927 3548 et
948 3479 984 3548 in
1007 3477 1072 3547 alio
1096 3478 1199 3572 eapite
1222 3484 1271 3550 est
1294 3475 1415 3552 iterum
1437 3487 1524 3550 terra
1547 3487 1653 3552 restra
1682 3501 1747 3573 que
1771 3478 1806 3547 in
1838 3485 1944 3548 vestra
1968 3476 2177 3548 reservastitir

757 3609 963 3696 potestatem:
988 3623 1053 3672 una
1077 3625 1153 3676 oum
1176 3603 1344 3678 aruoribus
1367 3606 1541 3678 fructiferis
1565 3604 1619 3674 vel
1641 3599 1850 3674 infructiferis
1872 3609 1906 3669 et
1930 3621 2006 3672 cum
2030 3599 2175 3672 introitus

758 3736 886 3800 suaset
910 3727 1059 3800 omnibus
1091 3731 1152 3802 sivi
1182 3733 1414 3826 pertinentibus
1446 3733 1626 3828 pertinente
1651 3729 1821 3802 memorati
1856 3730 1956 3800 vestri
1982 3701 2173 3802 monasterii

757 3853 853 3924 sicuti
876 3853 1019 3925 continet
1041 3857 1223 3928 firmissima
1255 3857 1400 3928 chartula
1423 3849 1735 3928 securitatisrestra
1759 3877 1823 3950 que
1847 3858 1933 3950 opud
1969 3879 2027 3930 vos
2050 3856 2172 3932 abetis:

758 4000 838 4070 quas
866 4002 944 4049 vcro
975 3991 1190 4054 memoratum
1220 3982 1385 4054 coniolum
1417 4003 1494 4052 cum
1526 3989 1703 4052 memorate
1726 3982 1813 4074 petia
1837 3981 1877 4054 de
1901 3990 1986 4051 terra
2018 3990 2056 4052 ut
2077 4003 2180 4076 super,

757 4108 876 4202 legitur
899 4107 981 4180 mihi
1004 4111 1150 4207 meisque
1174 4111 1347 4182 heredibus
1379 4108 1513 4180 dedistis
1536 4111 1577 4180 ad
1599 4108 1813 4180 larorandum
1836 4119 1869 4179 at
1891 4109 2108 4181 detinendum.
2140 4110 2174 4178 in

758 4255 797 4302 eo
820 4243 930 4304 tenore
953 4242 990 4304 ut
1013 4235 1049 4306 in
1072 4257 1144 4306 mea
1168 4234 1314 4327 meisque
1337 4231 1509 4302 heredibus
1532 4232 1596 4304 sint
1618 4241 1809 4330 potestatem
1834 4257 1890 4306 eos
1914 4235 2043 4309 tenendi
2067 4245 2100 4308 et
2115 4235 2174 4306 do-

757 4361 899 4434 minandi
922 4383 1014 4432 scum
1039 4361 1208 4432 lavorandi
1238 4371 1271 4430 et
1295 4361 1487 4455 scoropandi
1505 4371 1538 4432 ct
1553 4363 1588 4432 in
1603 4363 1710 4456 ipsum
1725 4362 1889 4436 coniolum
1912 4365 2118 4434 castanietum
2142 4374 2175 4433 et

757 4487 954 4564 insertetum.
981 4489 1086 4558 facere
1109 4487 1283 4560 debeamus
1307 4490 1472 4584 quomodo
1495 4490 1652 4562 merueris
1676 4499 1709 4560 et
1733 4489 1768 4560 in
1791 4489 1859 4584 ipsa
1874 4489 1959 4582 petia
1979 4489 2099 4560 itemm
2114 4511 2174 4561 oa-

758 4616 929 4690 stanietum
963 4625 995 4686 et
1027 4614 1215 4686 insertetum
1248 4639 1345 4694 scum
1362 4617 1528 4686 arbustum
1552 4617 1656 4686 fecere
1684 4623 1716 4684 ct
1739 4614 1836 4686 abere
1860 4615 2032 4692 debeamus
2055 4617 2173 4686 iterum

759 4744 924 4839 quomodo
945 4743 1119 4814 merueris:
1147 4752 1180 4812 et
1202 4744 1292 4814 omni
1316 4767 1421 4814 annue
1443 4741 1517 4814 illos
1535 4741 1692 4812 seminare
1708 4742 1879 4814 debeamus
1895 4752 1928 4812 et
1942 4743 2014 4813 illos
2029 4742 2175 4816 lavorare

758 4877 790 4940 et
813 4865 933 4936 cultore
957 4866 1129 4942 debeamus
1153 4891 1228 4941 cum
1250 4866 1350 4939 robes
1366 4875 1491 4938 nosnos
1508 4874 1541 4934 ct
1557 4865 1770 4939 conciaturias
1785 4866 1839 4939 ve}
1852 4866 1976 4940 emmas
1992 4885 2164 4964 expensae:
2441 4837 2442 4882 ¹
