4888 6528
1385 594 1524 690 (rer)

770 765 877 834 latere
902 758 1041 833 fundum
1064 755 1198 829 heredes
1220 751 1383 847 quondsm
1407 749 1491 842 guisi
1516 745 1712 818 causamala:
1739 747 1780 818 de
1813 745 1878 816 alio
1910 745 2011 823 latere
2037 757 2189 827 tercado
2290 745 2291 750 ’

769 890 818 962 illi
848 888 1004 961 desicule.
1030 893 1062 954 et
1087 882 1128 953 de
1154 887 1319 950 consortes
1342 875 1411 947 suis
1433 874 1574 970 qualiter
1596 874 1683 944 inter
1705 895 1740 946 se
1765 871 1819 944 bia
1844 877 2018 948 discernit:
2043 879 2084 951 de
2117 903 2187 951 uno

768 1013 875 1104 rapite
900 1009 952 1078 bia
978 1001 1122 1099 pubblici
1145 1001 1204 1096 qui
1227 999 1413 1072 nominatur
1436 1019 1620 1068 sommese:
1647 1021 1690 1068 ex
1714 996 1780 1068 alio
1803 1000 1907 1092 capite
1930 1011 2014 1072 terra
2036 1004 2188 1077 iohannis

773 1133 843 1206 filio
868 1129 1033 1222 quondam
1061 1125 1149 1195 leoni
1172 1120 1447 1216 pappahasinum:
1471 1129 1505 1188 et
1528 1119 1601 1190 abet
1624 1141 1683 1211 per
1705 1139 1905 1219 unoquoque
1927 1123 2026 1196 latere
2049 1127 2087 1198 de
2106 1128 2184 1199 lon-

775 1255 928 1354 gitudine
954 1276 1013 1322 aua
1037 1251 1123 1346 passi
1147 1248 1380 1343 quinquaginta
1404 1248 1494 1318 duos.
1517 1257 1550 1316 et
1574 1247 1614 1316 de
1637 1247 1805 1318 latitudine
1820 1248 1894 1320 abet
1909 1275 1968 1343 per
1990 1273 2188 1348 unoquoque

775 1382 877 1474 capite
920 1403 980 1452 ana
1016 1379 1102 1472 passi
1127 1377 1312 1472 quindecim
1336 1376 1506 1446 memorati
1537 1373 1621 1467 passi
1645 1377 1821 1446 mensurati
1846 1389 1922 1448 sunt
1947 1389 1981 1448 at
2002 1379 2188 1452 iamdictum

781 1529 914 1603 passum
937 1507 1079 1576 ferreum
1103 1503 1248 1597 predicte
1271 1513 1379 1574 sancte
1402 1501 1602 1594 neapolitane
1625 1500 1783 1574 ecclesie:
1811 1504 1851 1574 de
1874 1527 1938 1598 qua
1960 1503 2044 1575 nihil
2060 1505 2118 1578 tibi
2132 1507 2187 1578 in-

779 1645 832 1702 tus
856 1632 941 1726 ipsas
966 1630 1169 1700 coherentias
1193 1636 1225 1697 et
1247 1649 1307 1719 per
1330 1625 1502 1696 iamdictos
1525 1648 1635 1720 passos
1658 1626 1774 1697 exinde
1798 1628 1922 1724 aliquot
1950 1634 2104 1704 remansit
2135 1645 2188 1706 aut

785 1755 987 1827 reserbastis.
1016 1763 1064 1823 set
1089 1776 1107 1820 a
1130 1773 1216 1821 nuno
1240 1761 1272 1820 et
1296 1750 1447 1846 deinceps
1472 1777 1490 1818 r
1513 1761 1545 1820 te
1569 1750 1650 1822 mihi
1673 1751 1737 1822 siut
1760 1762 1992 1824 commutatum
2025 1765 2059 1826 et
2086 1758 2189 1828 tradi·-

783 1893 856 1952 tum
879 1883 914 1950 in
943 1901 1014 1948 mea
1039 1878 1184 1970 meisque
1206 1875 1378 1948 heredibus
1402 1879 1467 1948 siut
1489 1885 1678 1970 potestatem
1702 1901 1831 1972 queque
1854 1879 1970 1952 exinde
1988 1883 2093 1954 facere
2124 1908 2191 1954 ro-

787 2003 944 2074 lnerimus
968 2000 1107 2072 livorum
1131 1999 1248 2101 esinde
1263 2019 1389 2092 semper
1407 1999 1440 2068 iu
1457 1999 1606 2070 omnibus
1621 1999 1772 2070 abeamus
1787 2012 1983 2093 potestatem.
1999 2028 2016 2072 a
2033 2015 2064 2074 te
2080 2015 2189 2076 autom

781 2151 844 2200 nec
871 2151 890 2194 a
915 2127 981 2200 tuis
1005 2122 1179 2220 heredibus
1203 2147 1263 2194 nec
1286 2147 1305 2192 a
1328 2125 1422 2194 robis
1445 2126 1590 2220 personis
1611 2128 1786 2200 summissis
1809 2128 1897 2198 nullo
1921 2139 2062 2224 tempore
2084 2154 2191 2202 num-

785 2273 887 2347 quam
912 2275 975 2345 ego
999 2259 1054 2320 aut
1077 2249 1212 2320 heredes
1235 2248 1317 2318 meis
1340 2249 1492 2320 abeamus
1516 2249 1632 2321 exinde
1656 2249 1824 2345 aliquando
1848 2275 2051 2347 quacumque
2069 2275 2190 2346 reque-

785 2375 905 2446 sitione
930 2383 987 2444 aut
1010 2373 1154 2444 molestia
1178 2398 1237 2468 per
1259 2373 1385 2446 nullum
1411 2375 1564 2446 modum:
1591 2394 1651 2444 uec
1673 2399 1732 2470 per
1762 2377 1944 2448 summissas
1973 2401 2123 2472 personas
2153 2382 2190 2451 in

788 2510 1012 2594 perpetuum:
1053 2501 1185 2593 iusuper
1226 2505 1317 2574 omni
1356 2512 1501 2597 tempore
1534 2515 1571 2576 tu
1602 2515 1635 2576 et
1670 2506 1804 2577 heredes
1836 2507 1900 2576 tuis
1931 2507 2014 2578 mihi
2050 2511 2192 2604 meisque

783 2621 961 2694 heredibus
997 2621 1115 2693 exinde
1145 2623 1180 2692 in
1214 2625 1367 2696 omuibus
1399 2635 1556 2696 antestare
1578 2627 1622 2721 {ct
1651 2627 1817 2699 defensare
1848 2628 1989 2700 debeatis
2022 2653 2062 2702 av
2091 2632 2195 2701 omnis

789 2745 914 2818 omines
940 2743 1095 2838 omnique
1118 2747 1265 2838 personis
1287 2747 1365 2840 quia
1389 2748 1430 2816 sit
1453 2747 1539 2818 inter
1561 2749 1654 2824 uobis
1678 2748 1860 2834 combenit:
1888 2750 1922 2820 si
1940 2761 2047 2822 autem
2061 2774 2123 2843 ego
2138 2763 2195 2822 aut

788 2871 926 2944 heredes
949 2875 1030 2944 meis
1055 2871 1174 2967 quobis
1199 2885 1343 2966 tempore
1367 2886 1478 2946 contra
1501 2874 1584 2946 hano
1606 2873 1784 2946 chartrdam
1807 2877 2060 2946 commutationis
2078 2886 2191 2948 utsu-

793 3021 853 3098 pcr
878 2998 999 3090 legitur
1022 3001 1134 3070 venire
1159 3001 1425 3092 presumserinrus
1444 3011 1481 3071 et
1505 3003 1538 3071 in
1562 3000 1678 3096 aliquit
1701 3001 1811 3072 offensi
1836 3001 1990 3074 fuerimus
2004 3025 2060 3094 per
2076 3003 2196 3096 quobis

792 3124 927 3194 modum
953 3135 1009 3194 aut
1032 3125 1216 3196 summissas
1239 3148 1402 3218 personas.
1427 3139 1502 3198 tune
1525 3149 1686 3220 compono
1709 3151 1771 3220 ego
1802 3139 1835 3196 et
1863 3127 1994 3200 heredes
2024 3129 2105 3198 meis
2136 3129 2194 3199 tibi

791 3253 921 3343 tuisque
946 3251 1121 3324 heredibus
1145 3253 1217 3322 auri
1241 3237 1361 3322 solidos
1385 3253 1502 3343 viginti
1526 3276 1583 3324 sex
1607 3252 1831 3348 vpthiantcos:
1847 3267 1881 3324 et
1903 3256 1962 3328 ino
1985 3255 2125 3325 chartula
2157 3267 2194 3326 ut

793 3401 890 3471 super
915 3379 1058 3472 legitur:
1082 3377 1124 3447 sit
1147 3378 1240 3446 firma
1264 3378 1381 3470 scripta
1403 3403 1462 3474 per
1494 3401 1608 3452 manus
1641 3379 1739 3470 sergii
1769 3357 1900 3452 curialis
1933 3405 1992 3472 per
2023 3380 2198 3450 indictione

787 3513 965 3571 memorata
988 3503 1123 3596 noua-1·

797 3595 800 3602 ¹
885 3625 957 3690 Hoc
981 3623 1108 3712 siguum
1133 3620 1164 3714 †
1188 3645 1301 3694 manus
1325 3635 1502 3696 memorato
1526 3637 1617 3720 petro
1641 3629 1728 3721 quod
1751 3649 1813 3722 ego
1837 3627 1893 3722 qui
1917 3637 2114 3697 memoratos
2135 3650 2199 3719 pro

791 3767 864 3814 eum
888 3744 1061 3836 subscripsi
1083 3743 1114 3838 †

884 3871 1009 3968 †Ego
1031 3873 1200 3968 gregorius
1223 3875 1360 3948 Curiaiis
1383 3881 1470 3947 testis
1494 3877 1715 3972 subscripsi†

888 3997 918 4092 †
946 4001 1014 4092 Ego
1037 3997 1190 4071 iohannes
1214 3999 1374 4072 Curiaiis:
1402 4001 1490 4072 testis
1514 4003 1686 4096 subscripsi
1716 4005 1747 4100 †

799 4219 802 4226 A
888 4121 919 4214 †
945 4121 1013 4213 Ego
1037 4121 1192 4192 iohannes
1215 4121 1351 4192 Curialis
1376 4123 1464 4194 testis
1488 4125 1708 4220 subscripsi†

886 4239 918 4333 †
943 4243 1014 4333 Ego
1037 4244 1161 4337 sergius
1185 4243 1322 4314 cuiatis
1345 4243 1511 4340 Compleri
1534 4257 1567 4316 et
1591 4247 1716 4320 absolvi
1737 4271 1797 4342 per
1820 4249 1995 4360 indictione
2024 4263 2201 4322 memorata
2278 4333 2281 4338 ,

795 4385 879 4434 nona
894 4361 925 4456 ’ς
