4940 6518
934 581 1079 679 (33).

290 741 368 812 meis
391 737 463 812 illos
482 735 671 812 laborantes
694 743 728 810 et
750 736 947 810 nrbusuntes
979 751 1011 810 et
1038 761 1096 812 vos
1119 739 1300 834 pergiantes
1325 749 1357 813 et
1381 741 1490 815 omnis
1523 754 1701 818 memorata

290 866 475 960 slinplentes
498 875 536 936 ut
558 855 656 959 super
679 865 819 960 legitur=
845 873 878 935 et
898 886 959 935 nee
984 888 1044 960 ego
1068 891 1128 938 nee
1145 867 1315 941 heredibus
1329 869 1407 944 mus
1422 869 1605 944 nullatenus
1623 893 1702 965 pre·

289 1013 484 1062 summemus
507 989 579 1060 illos
603 989 700 1060 rheni
721 990 917 1061 venumdare
949 999 1006 1060 unt
1032 992 1215 1086 infidueiere
1239 992 1292 1064 vel
1315 993 1350 1066 in
1372 992 1490 1088 pignus
1513 1015 1697 1089 supponere

285 1087 345 1185 ¹rut
366 1113 401 1184 in
424 1113 558 1184 ecelesia
579 1112 696 1186 ollerre
724 1135 783 1205 per
809 1112 938 1184 nullum
960 1113 1115 1184 modumr
1152 1122 1184 1183 et
1213 1091 1407 1210 quaudoque
1429 1139 1491 1212 ego
1516 1125 1571 1188 rut
1592 1117 1697 1188 bers-

290 1240 383 1311 dibus
407 1239 489 1310 meis
512 1237 572 1310 tibi
594 1227 725 1334 hiisque
747 1239 916 1310 heredibus
947 1239 1021 1308 illos
1047 1238 1283 1310 arbrenuniinre
1305 1240 1507 1316 voluerimus
1538 1242 1698 1315 remelio-

288 1372 395 1436 retum
417 1361 579 1434 licenlirm
600 1361 751 1434 nbeumus
773 1370 807 1432 el
826 1363 906 1433 dum
928 1363 1001 1448 illos
1024 1361 1061 1432 in
1083 1361 1146 1432 hoe
1168 1364 1288 1455 placitu
1311 1365 1509 1438 tenuerimus
1535 1375 1573 1436 tn
1592 1375 1625 1436 et
1638 1366 1700 1438 be-

289 1489 422 1559 redibus
444 1487 507 1560 iuis
529 1484 610 1556 mini
633 1483 778 1578 meisque
800 1485 973 1556 heredibus
998 1483 1069 1553 illos
1094 1484 1266 1554 defendere
1282 1484 1423 1558 debeatis
1438 1485 1479 1556 nb
1497 1487 1603 1560 omnis
1618 1491 1700 1564 emi·

291 1635 349 1686 nes
371 1611 524 1707 omnique
546 1631 701 1706 persona:
727 1610 859 1704 imuper
880 1608 968 1682 sterit
991 1608 1085 1680 nobis
1100 1617 1146 1678 ut
1170 1609 1198 1678 si
1213 1607 1330 1702 quobis
1353 1618 1500 1703 tempore
1515 1612 1550 1682 in
1565 1637 1699 1686 memo-

268 1748 360 1810 ·rate
389 1746 475 1808 term
506 1733 638 1808 bululeo
667 1741 775 1808 vestro
805 1756 925 1828 ponere
957 1732 1126 1807 volueritis
1148 1731 1311 1804 licentiam
1333 1731 1477 1808 habentis
1501 1735 1595 1807 nobis
1619 1738 1698 1812 illos

288 1865 401 1936 sollers
425 1887 469 1958 po
493 1874 527 1934 rt
547 1859 715 1934 bendemin
740 1861 901 1932 reeulliets
922 1869 956 1932 et
978 1862 1006 1932 si
1030 1861 1114 1932 clara
1140 1861 1223 1930 laete
1240 1858 1409 1930 beriutem
1424 1857 1543 1936 ibidem
1561 1862 1696 1935 huiuleo

286 1994 394 2057 uestro
425 2007 494 2057 nun
524 1984 695 2076 posueritis
727 2007 793 2055 non
823 1984 967 2056 habeatis
998 1982 1172 2080 lieentiam
1192 1983 1285 2056 nobis
1308 1982 1383 2054 illos
1404 1982 1517 2056 tullum
1539 1994 1577 2056 ut
1599 2008 1698 2080 super

288 2107 409 2202 legitur
432 2108 510 2202 quia
533 2107 578 2178 iu
600 2105 695 2178 nobis
717 2104 858 2200 plseuii:
883 2106 920 2176 Si
942 2114 1052 2178 eutem
1075 2129 1137 2199 ego
1160 2115 1216 2178 eut
1237 2105 1410 2179 heredibus
1433 2107 1514 2180 meis
1530 2107 1622 2180 aliter
1637 2111 1694 2182 ie-
1802 2159 1810 2175 .

288 2231 425 2304 serimus
448 2229 488 2302 de
512 2231 540 2302 is
563 2227 712 2302 omnibus
736 2229 922 2302 memoretis
945 2249 1004 2322 per
1027 2229 1144 2322 quobis
1168 2229 1303 2303 mudum
1336 2237 1393 2302 eut
1415 2230 1591 2302 summissis
1614 2254 1696 2325 per-
1818 2283 1821 2290 .

285 2358 372 2432 senis
395 2369 473 2430 tune
500 2377 659 2452 mmpono
682 2381 745 2454 ege
767 2365 801 2428 et
821 2355 989 2428 heredibus
1011 2357 1091 2428 meis
1114 2357 1172 2428 sihi
1195 2357 1323 2452 tuisque
1347 2355 1523 2430 heredibus
1547 2359 1618 2432 suri
1632 2381 1694 2432 so-

287 2478 373 2552 lidos
403 2479 519 2573 viginti
548 2477 750 2573 vydimteos
781 2487 816 2552 ei
842 2503 879 2552 ec
901 2477 1047 2549 chartule
1071 2487 1108 2550 ut
1131 2501 1228 2572 super
1250 2480 1371 2572 legitur
1394 2483 1437 2552 sil
1459 2483 1552 2554 firme
1575 2482 1693 2576 seripin

223 2706 226 2712 Δ
289 2627 349 2702 per
371 2629 484 2682 menius
505 2605 651 2704 stephani
674 2607 834 2683 seriniarii
853 2605 1015 2704 discipule
1031 2605 1153 2682 domini
1176 2607 1259 2702 petri
1282 2607 1429 2702 primarii
1443 2615 1501 2704 per
1517 2616 1694 2682 memorale

288 2733 465 2812 indictione
486 2741 518 2840 †

379 2861 443 2938 hoe
465 2867 596 2962 signum
618 2867 651 2966 †
674 2887 789 2941 manus
810 2876 989 2941 memoratu
1006 2881 1099 2962 peirn
1114 2871 1205 2968 qnod
1220 2889 1282 2962 ege
1299 2889 1359 2962 pro
1379 2885 1456 2942 eum
1474 2864 1694 2962 subscripsi†
1746 2899 1749 2906 ¹
1842 2976 1845 2984 ,

285 2999 319 3064 et
340 3013 380 3063 ee
402 2994 573 3102 memorati
596 3016 711 3066 sumus
732 2995 811 3090 quia
835 2995 1114 3092 dememererurn
1136 2997 1274 3068 fundum
1298 2996 1356 3099 qui
1370 2999 1419 3066 est
1433 2995 1518 3091 intus
1535 2991 1591 3063 ille
1606 2989 1691 3063 curti

284 3133 343 3204 per
365 3113 454 3184 omui
478 3131 587 3201 sunno
611 3111 672 3182 libi
694 3113 826 3206 tuisque
847 3113 1021 3186 heredibus
1043 3113 1161 3185 exinde
1183 3133 1242 3207 per
1264 3113 1355 3184 omni
1376 3135 1461 3184 nnne
1475 3113 1553 3184 dere
1568 3120 1602 3181 et
1617 3135 1693 3206 per·

285 3234 411 3306 subere
433 3233 608 3306 debuemus
630 3255 699 3317 nes,
714 3245 748 3307 et
768 3237 942 3310 heredibus
964 3238 1084 3310 nestris
1106 3238 1188 3310 idest
1209 3239 1354 3311 tritiemn
1371 3237 1520 3312 modium
1542 3257 1644 3308 unum
1659 3243 1698 3307 er·

287 3355 430 3428 medium
453 3365 486 3428 et
509 3369 724 3440 memoratum
746 3361 875 3454 perium
897 3362 938 3432 de
960 3363 1133 3433 memorari
1157 3363 1247 3455 pulli·
1262 3373 1296 3434 et
1318 3363 1359 3434 de
1381 3363 1487 3456 ipsum
1503 3361 1602 3434 rhum
1619 3362 1695 3443 bru·

286 3481 366 3552 dum
387 3488 421 3550 et
443 3477 484 3550 ds
506 3481 693 3553 memoreris
722 3482 794 3552 aliis
818 3482 911 3553 serris
933 3483 1026 3556 robis
1049 3485 1126 3556 dare
1150 3487 1320 3559 debeamus
1344 3493 1561 3557 memoratum
1584 3491 1693 3556 tsrrs-

284 3601 385 3672 ticum
407 3608 445 3672 ut
467 3621 565 3694 super
587 3601 707 3695 legitur
724 3602 857 3676 insimul
879 3626 1003 3678 vonum
1026 3615 1059 3676 et
1081 3617 1302 3682 memuratnnr
1324 3617 1357 3678 et
1379 3617 1595 3682 memoratum
1619 3629 1692 3679 mu-

282 3726 373 3801 dium
397 3724 535 3822 qualiter
557 3727 705 3825 superius
719 3726 839 3822 legitur
854 3736 886 3802 et
900 3729 997 3826 quale
1015 3742 1158 3826 tempure
1172 3734 1241 3829 ipse
1256 3745 1342 3808 terre
1358 3757 1456 3832 supra
1472 3755 1530 3809 ros
1544 3735 1693 3808 beurere

282 3847 448 3920 volueritis
462 3829 570 3922 ‘clara
600 3852 683 3932 luere
715 3851 886 3924 beritniem
911 3853 1074 3926 lieentiem
1097 3854 1240 3930 habearis
1263 3859 1356 3929 nobis
1381 3859 1451 3932 illes
1474 3858 1586 3932 tollere
1609 3867 1642 3929 et
1664 3857 1693 3928 si

280 3975 375 4046 aliter
397 3974 567 4054 leesrimus
587 3977 625 4050 in
648 3987 826 4052 memoratu
848 4001 931 4072 pens
952 3982 1175 4056 subieresmus
1197 3982 1253 4078 †·

377 4099 424 4194 †‚
434 4099 507 4194 Ege
531 4099 586 4174 leo
610 4097 742 4174 curialis
757 4104 831 4176 testi
852 4103 1025 4200 subscripsi
1050 4108 1080 4205 †

378 4220 410 4317 †
434 4223 642 4316 egusergius
665 4222 749 4296 lilius
772 4227 896 4298 domini
917 4228 1066 4302 iobsnnis
1088 4233 1162 4306 testi
1181 4233 1353 4330 subscripsi
1377 4233 1409 4332 †

378 4347 411 4443 †
435 4349 508 4443 Ego
532 4345 687 4420 iohannes
710 4349 841 4423 curialis
854 4353 927 4424 tenu
949 4355 1121 4451 subscripsi
1139 4351 1193 4455 †'

868 4639 1115 4688 “Um-⁸·-
