4888 6528
803 587 1114 684 ¹(141).

267 745 432 818 iamdictis.
456 744 552 817 rebus
576 745 735 839 pastinare
759 743 933 817 debeamus
956 743 1043 816 vitis.
1070 755 1102 815 et
1126 745 1261 817 arboris.
1286 769 1344 821 seu
1360 749 1421 820 alia
1437 749 1596 844 pomifera
1615 752 1684 820 sru-

267 875 384 946 ctilera.
408 872 478 944 Tali
501 896 582 944 vero
606 871 720 944 ardue
743 881 781 942 ut
804 871 929 965 integre
953 869 1021 964 ipse
1045 871 1204 944 iamdictc.
1230 873 1321 966 pecie
1346 873 1499 946 derebus
1522 873 1682 968 pastinare

266 999 438 1071 debeamus
460 1024 543 1072 vene
567 1009 605 1070 ut
628 998 767 1092 expedit.
791 1008 829 1070 ut
851 1007 962 1093 pareat
984 997 1066 1070 bene
1089 1007 1255 1093 pastenatu
1278 1023 1337 1074 seu
1351 1002 1498 1074 laboratu
1517 1013 1629 1098 suptus
1654 1011 1688 1074 et

266 1153 364 1225 super
388 1139 421 1201 et
444 1129 519 1200 illut
551 1129 700 1200 conciare
730 1127 903 1200 debeamus
936 1150 1012 1199 cum
1041 1127 1141 1200 bobes
1164 1140 1197 1200 et
1221 1140 1253 1200 at
1277 1129 1387 1204 manu
1400 1132 1577 1225 dirigentes
1609 1143 1686 1226 apto

220 1247 224 1255 '
267 1265 413 1350 tempore
435 1263 468 1328 et
492 1253 533 1324 de
557 1262 668 1325 nostra
691 1261 833 1326 semente
856 1253 930 1324 illut
944 1252 1102 1326 seminare
1119 1253 1291 1326 debeamus
1307 1264 1339 1326 et
1355 1257 1585 1351 quodcumque
1610 1259 1687 1326 fru-

269 1381 361 1472 gium
395 1377 514 1452 ibidem
550 1378 817 1451 seminaverimus
841 1399 1020 1471 supernos
1044 1377 1118 1448 illut
1140 1378 1255 1452 tollere
1285 1380 1466 1452 debeamus.
1490 1382 1535 1451 At
1567 1381 1687 1454 vinde-

268 1509 435 1580 miandum
466 1508 535 1601 ipsa
564 1509 726 1578 vindemia
758 1530 821 1599 ego
844 1507 904 1600 qui
927 1528 1023 1600 supra
1048 1507 1219 1578 maraldus.
1245 1517 1278 1578 et
1303 1509 1384 1578 meis
1407 1508 1581 1580 heredibus
1613 1509 1688 1580 illut

269 1633 445 1706 videmiare
469 1631 640 1702 debeamus
663 1637 738 1724 apto
762 1637 908 1724 tempore
942 1650 1018 1700 cum
1043 1632 1134 1698 omni
1158 1637 1270 1698 nostro
1293 1628 1463 1720 expendio.
1488 1641 1521 1698 et
1553 1641 1586 1700 at
1609 1633 1688 1724 pal-

271 1769 416 1829 meutum
439 1779 540 1826 arare.
564 1764 598 1825 et
621 1751 769 1850 quicquit
792 1751 914 1824 ibidem
937 1751 1052 1823 vinum
1071 1749 1232 1822 mundum
1248 1748 1327 1820 deus
1343 1749 1467 1824 dederit
1482 1773 1544 1844 per
1562 1753 1690 1848 hequa-
1786 1843 1788 1853 Ι

269 1880 344 1952 liter
367 1880 440 1951 illut
463 1880 547 1952 inter
571 1900 630 1950 nos
653 1877 837 1950 dividamus
862 1875 901 1946 ad
924 1875 1133 1968 palmeutum.
1158 1895 1224 1980 vos·
1241 1883 1273 1945 et
1296 1883 1420 1946 vestros
1442 1885 1588 1970 posteros
1622 1879 1689 1950 tol-

268 2005 340 2077 latis
371 2007 584 2079 medietatem.
617 2013 650 2076 et
672 2023 735 2100 ego
759 2013 792 2075 et
815 2003 895 2076 meis
926 2001 1100 2074 heredibus
1124 2001 1278 2074 tollamus
1301 2003 1429 2098 reliqua
1465 1998 1686 2080 medictatem.

165 2187 168 2190 .
271 2139 303 2200 et
326 2139 393 2201 tota
416 2131 485 2224 ipsa
508 2127 633 2246 pecinla
656 2128 751 2199 iuxto
775 2135 808 2198 et
830 2127 978 2221 legitimo
1002 2129 1115 2199 urdine
1140 2129 1242 2222 pisata
1265 2136 1298 2198 et
1320 2129 1473 2201 rebellata
1502 2151 1598 2225 super
1631 2159 1692 2206 nos

271 2258 383 2331 tollere
407 2259 580 2332 debeamus
604 2265 677 2328 ante
700 2266 835 2328 sortem.
862 2265 988 2328 tantum
1012 2279 1072 2350 pro
1098 2257 1169 2352 ipso
1194 2257 1347 2328 terratico
1371 2259 1446 2332 dare
1475 2258 1569 2331 vobis
1603 2273 1635 2330 et
1659 2272 1692 2332 at

271 2396 416 2481 posteros
439 2396 563 2458 vestros
586 2385 769 2456 debeamus.
795 2382 885 2454 omni
909 2407 995 2454 anno
1018 2409 1078 2477 per
1093 2385 1256 2473 vindemia
1272 2386 1312 2461 de
1328 2386 1459 2480 propria
1475 2395 1561 2458 sorte
1581 2397 1691 2460 nostra

273 2515 313 2584 de
336 2515 407 2608 ipso
431 2512 510 2584 vino
532 2515 664 2584 mundo.
688 2534 767 2582 orna
791 2533 855 2582 una
880 2512 920 2583 ad
943 2512 1070 2606 sagium
1091 2511 1213 2582 iustum
1229 2513 1269 2582 de
1284 2513 1356 2606 ipso
1374 2513 1457 2584 loco.
1473 2523 1598 2586 tantum
1624 2517 1693 2609 ipsa

274 2645 362 2707 sorte
386 2645 492 2707 vestra
515 2634 556 2706 de
579 2635 650 2729 ipso
672 2633 752 2706 vino
774 2635 897 2707 mundo
920 2633 1043 2728 etipsa
1066 2655 1131 2726 qne
1154 2631 1247 2702 bobis
1270 2633 1306 2704 in
1328 2642 1415 2704 sorte
1440 2618 1594 2706 evenerit.
1629 2662 1692 2733 ego

275 2773 307 2833 et
330 2761 412 2834 meis
435 2761 607 2834 heredibus
630 2761 704 2833 illut
727 2770 832 2834 traere
854 2769 888 2830 et
909 2767 1039 2854 portare
1060 2758 1233 2832 debeamus
1248 2759 1343 2831 vobis
1359 2767 1392 2829 et
1409 2768 1441 2829 at
1451 2769 1601 2854 posteros
1627 2787 1692 2837 ve-

273 2896 355 2958 stros
379 2887 420 2957 ad
444 2887 512 2982 ipsa
535 2895 641 2959 vestra
665 2885 845 2959 obedientia
869 2907 934 2979 qne
958 2883 1059 2954 abetis
1081 2883 1115 2953 in
1140 2883 1213 2954 loco
1229 2883 1364 2955 miliano
1380 2887 1560 2956 cumomni
1585 2898 1693 2960 nostro

275 3017 435 3110 expendio
458 3026 492 3089 et
514 3019 645 3112 quando
677 3039 737 3111 per
768 3015 931 3087 vindemie
963 3013 1083 3084 ibidem
1113 3013 1297 3084 direxeritis
1320 3023 1465 3086 vestrum
1498 3018 1694 3091 monachum

275 3163 336 3234 pro
359 3143 428 3235 ipsa
451 3142 592 3212 sortione
615 3151 721 3212 vestra
744 3141 784 3214 de
808 3140 879 3234 ipsc
902 3139 981 3211 vino
1001 3139 1123 3210 mundo
1146 3139 1299 3234 recipere.
1323 3150 1356 3210 at
1379 3141 1461 3212 duos
1484 3145 1635 3217 monachi
1662 3159 1695 3218 et

277 3276 310 3336 at
333 3266 472 3340 caballos
496 3267 566 3339 eius
590 3291 665 3339 curn
689 3291 754 3363 que
776 3267 924 3340 benerint
947 3290 1008 3360 ego
1032 3277 1065 3339 et
1087 3267 1168 3338 meis
1186 3266 1357 3340 heredibus
1373 3269 1448 3341 dare
1463 3270 1557 3342 vobis
1580 3271 1696 3345 debea-

278 3413 351 3463 mus
383 3393 578 3464 manducare
609 3400 642 3464 et
674 3391 785 3464 vibere
817 3400 855 3464 ut
876 3391 998 3462 iustum
1022 3391 1131 3462 brerit.
1156 3399 1189 3462 et
1212 3393 1289 3464 dare
1312 3393 1406 3464 vobis
1438 3393 1612 3468 debeamus
1637 3421 1697 3492 per

279 3538 374 3587 omne
398 3515 595 3608 pulmentum
618 3514 845 3608 palmentaticu
868 3513 996 3605 pullum
1020 3515 1142 3586 bonurn
1166 3539 1278 3587 uuum
1303 3519 1376 3588 Hoc
1391 3527 1499 3590 autern
1524 3521 1694 3593 statuimus

278 3653 316 3712 ut
331 3644 358 3714 si
374 3643 413 3715 de
429 3642 488 3713 ista
513 3652 598 3713 terra
620 3640 703 3714 lauri
728 3639 905 3713 exierimus
928 3648 960 3712 et
983 3642 1018 3712 in
1042 3641 1139 3712 aliam
1163 3649 1283 3713 terram
1307 3651 1339 3713 at
1363 3643 1506 3715 habitare
1536 3669 1699 3740 perrexe-

279 3769 380 3840 rimus
404 3789 466 3862 ego
489 3775 522 3838 et
544 3765 626 3837 meis
648 3761 820 3868 heredibus
843 3765 1027 3858 expectetis.
1051 3786 1111 3835 nos
1135 3787 1238 3861 usquc
1262 3774 1327 3836 tres
1341 3769 1427 3840 anni.
1443 3779 1477 3842 et
1491 3768 1600 3842 inclite
1625 3771 1694 3866 ipse

278 3897 367 3988 pecie
391 3895 430 3966 de
454 3893 622 3965 iamdictis.
636 3892 734 3964 rebus
750 3915 826 3964 cum
841 3893 934 3964 omni
949 3914 1010 3964 suo
1025 3891 1153 3963 edilicio
1168 3893 1276 3966 redeat
1290 3893 1325 3964 in
1342 3902 1499 3987 potestate
1515 3897 1556 3966 de
1586 3909 1697 3967 sancto

223 4077 232 4090 .
281 4029 390 4094 vestro
413 4021 607 4091 monasterio
630 4020 726 4092 etde
751 4021 821 4092 eius
844 4019 1035 4092 rectoribus.
1060 4026 1095 4092 et
1116 4019 1145 4089 si
1169 4017 1204 4088 in
1228 4019 1288 4088 ista
1303 4027 1388 4090 terra
1404 4028 1477 4090 ante
1493 4020 1589 4092 tertio
1613 4044 1698 4107 anno

280 4139 413 4219 rebersi'
426 4146 582 4216 fuerimus
604 4143 769 4216 licentiam
793 4141 945 4214 abeamm
968 4140 1076 4214 redire
1100 4143 1136 4214 in
1160 4141 1228 4236 ipse
1244 4141 1335 4234 pecie
1351 4142 1392 4214 de
1408 4141 1577 4215 iamdictis.
1602 4144 1700 4217 rebus

281 4285 314 4346 at
337 4271 523 4344 tendendum
547 4279 580 4342 et
602 4280 635 4342 at
657 4269 867 4340 laborandum
898 4269 972 4340 illut
1003 4271 1037 4342 in
1069 4271 1254 4366 supradicto
1276 4271 1399 4346 ordine.
1422 4272 1550 4345 Exinde
1588 4272 1699 4368 obligo

282 4427 335 4475 me
358 4399 420 4496 egb
444 4399 502 4494 qui
525 4419 623 4492 supra
646 4395 809 4468 maraldus
840 4403 874 4464 et
897 4394 978 4464 meis
1002 4395 1113 4490 obligo
1136 4397 1308 4472 heredibus
1331 4399 1393 4470 tihi
1415 4399 1474 4494 qui
1508 4421 1605 4493 supra
1629 4409 1701 4473 ste-

281 4525 381 4624 phani
404 4519 596 4594 benerabilis
619 4517 716 4590 obbas
731 4525 763 4589 et
778 4527 810 4588 at
827 4523 974 4612 posteros
991 4525 1074 4590 tuos.
1089 4529 1127 4591 ut
1141 4521 1210 4616 ipse
1224 4523 1414 4617 supradicte.
1429 4523 1521 4617 pecie
1536 4524 1576 4595 de
1602 4524 1700 4595 rebus

283 4655 366 4725 iusta
390 4649 514 4721 ratione
536 4647 718 4720 laboremus
741 4657 779 4718 ut
802 4645 960 4718 cultcmus
983 4655 1016 4717 et
1041 4645 1163 4718 utiliter
1186 4650 1382 4743 pastinemus
1406 4651 1491 4754 sicut
1516 4651 1696 4722 meruerit.

283 4777 379 4862 Quod
402 4777 429 4848 si
453 4771 587 4846 minime
610 4771 683 4843 illut
705 4777 781 4864 apto
803 4779 948 4866 tempore
971 4771 1117 4844 laborare
1140 4773 1342 4846 noluerimus
1366 4782 1422 4846 aut
1453 4797 1519 4866 non
1542 4776 1696 4870 potueri-

286 4921 368 4976 mus.
393 4927 435 4977 au
461 4902 489 4974 si
513 4900 554 4972 de
577 4899 687 4973 omnia
716 4911 812 4994 super
836 4899 1071 4973 statutavobis
1094 4901 1209 4996 aliquit
1232 4901 1380 4976 minuare
1411 4902 1703 4999 presumpserimus
