4896 6522
895 553 1013 676 rur

237 741 318 812 iuter
341 757 400 808 nos
422 731 571 804 ubuimue
595 747 681 800 nune
704 727 812 794 autem
836 716 1028 812 peressimm
1051 713 1160 786 umbus
1185 718 1290 808 parter
1312 707 1424 807 ibique
1456 729 1553 803 supra
1576 729 1654 784 eum

239 863 360 938 iudices
391 855 546 954 publiooe.
578 859 612 924 et
638 848 719 922 dum
740 843 848 916 taliter
870 852 942 910 ante
966 839 1012 912 eis
1035 838 1273 910 dtercussemus
1287 833 1512 908 iudicauerunt
1535 831 1654 906 exindo

237 963 322 1066 inter
345 985 438 1060 nobis
461 979 507 1054 ud
529 977 558 1051 ei
580 977 748 1050 uberemue
771 967 930 1042 chartules
953 967 1194 1039 ostenderemus
1218 964 1289 1036 illes
1313 973 1386 1036 ente
1410 963 1457 1035 eis
1472 961 1557 1034 inter
1573 979 1652 1054 pur·

238 1124 308 1187 ten:
333 1121 368 1181 et
389 1104 467 1202 quie
489 1104 525 1174 in
547 1097 704 1196 presentie
735 1091 855 1165 ibidem
882 1097 956 1162 ente
985 1089 1032 1161 eis
1062 1086 1236 1160 ostensietis
1265 1085 1426 1158 obertoleo
1450 1084 1652 1158 membraneo

239 1241 273 1308 et
296 1232 337 1306 de
358 1227 489 1302 tumber
511 1224 571 1320 qui
592 1221 666 1294 ibeo
697 1215 862 1289 continent
884 1221 917 1283 et
939 1219 1013 1284 ante
1036 1211 1083 1282 eis
1106 1209 1163 1281 ille
1186 1208 1330 1303 relegere
1353 1208 1498 1282 fecimus.
1523 1208 1659 1302 Insuper

231 1369 276 1433 et
300 1354 472 1431 ostendistis
495 1351 590 1424 nobis
613 1348 723 1442 ibique
745 1365 842 1438 supro
864 1347 937 1412 ante
960 1339 1075 1412 eodem
1103 1335 1228 1410 iudices
1251 1335 1452 1410 omminibus
1475 1343 1508 1408 et
1530 1335 1657 1410 eertifl·

242 1491 399 1561 mierum
420 1479 584 1578 quomodo
607 1479 821 1548 memoratum
845 1477 953 1538 moute
973 1474 1005 1536 et
1019 1463 1207 1536 memoretis
1222 1463 1318 1533 terris
1334 1485 1410 1568 eum
1426 1461 1578 1536 omnibus
1593 1461 1659 1536 suis

138 1645 142 1654 ·
241 1610 439 1712 pertinentiis
463 1604 557 1680 sicuti
579 1623 638 1697 por
660 1603 853 1672 memoratos
876 1593 1010 1666 deese
1033 1614 1091 1687 per
1114 1591 1302 1710 memoretis
1326 1577 1471 1664 terminis
1486 1589 1558 1660 illos
1574 1615 1661 1664 exe·-

242 1750 411 1840 gregutum
434 1745 483 1810 est
504 1731 643 1832 quanter
665 1727 812 1824 superius
835 1723 955 1818 legitur
976 1719 1128 1818 proprius
1151 1717 1263 1790 ruisset
1286 1725 1319 1786 et
1342 1723 1390 1786 eet
1413 1717 1454 1788 de
1477 1731 1659 1794 memorato

241 1875 350 1938 veetro
382 1858 575 1934 monasterio
606 1855 705 1928 sancti
735 1847 905 1952 sebastiani
936 1855 970 1918 et
996 1851 1174 1916 memoratu
1196 1847 1304 1914 saneta
1327 1847 1435 1911 nostra
1459 1841 1659 1950 neapolitano

240 1973 374 2068 eedem
397 1999 454 2062 unt
475 1993 654 2060 memorato
677 1979 873 2057 monasterio
896 1984 1007 2048 nostro
1029 1981 1138 2047 sancte
1155 1971 1255 2044 marie
1272 1969 1330 2066 qui
1345 1970 1531 2050 nominatur
1546 1971 1588 2044 ud
1602 1969 1658 2046 illu

240 2127 332 2191 turre
354 2112 473 2187 ibidem
496 2108 617 2184 nullum
639 2101 858 2181 deminutione
881 2097 1080 2170 ubuisremus
1104 2119 1165 2168 nee
1185 2093 1352 2167 meremus
1369 2094 1547 2189 perlegere
1560 2093 1660 2170 beoee

240 2263 301 2339 per
323 2237 566 2339 quadragintom
590 2253 709 2304 rnnoo:
731 2226 830 2301 etiem
846 2234 880 2299 et
902 2223 964 2319 ipsi
978 2223 1102 2296 iudicer
1116 2223 1185 2317 ipse
1204 2219 1348 2293 chartule
1364 2219 1527 2294 audientes
1542 2231 1576 2292 et
1590 2223 1660 2317 ipsu

241 2362 424 2440 testimonie
448 2359 554 2433 taliter
583 2355 792 2428 certificantes
823 2349 1048 2422 iudicaverunt
1074 2344 1191 2420 exinde
1214 2346 1299 2418 inter
1322 2345 1415 2420 nobis
1438 2369 1480 2420 oe
1501 2347 1660 2423 iudicium

242 2489 293 2564 ud
306 2489 422 2579 iurare
442 2483 587 2558 feceretis
609 2481 702 2554 nobis
725 2483 801 2552 octo
823 2495 974 2570 persuum
996 2474 1038 2546 de
1060 2471 1246 2544 memoratis
1269 2473 1465 2545 ommiuibus
1485 2473 1542 2568 qui
1566 2474 1661 2546 nobie

187 2644 190 2654 ·
244 2615 420 2690 ostendistis
443 2621 475 2686 et
497 2613 604 2686 dicere
635 2630 694 2708 per
716 2609 785 2705 ipsu
810 2609 1007 2706 sememonten
1031 2601 1076 2672 ud
1100 2605 1315 2671 memoratum
1339 2607 1449 2669 monte
1472 2607 1505 2669 et
1527 2620 1659 2674 memo-

242 2741 323 2814 rade
338 2739 432 2814 terris
447 2761 523 2810 eum
538 2735 761 2810 omnibuesuiu
773 2727 972 2828 pertiuentiis
981 2725 1121 2824 qualiter
1134 2736 1167 2797 et
1181 2724 1346 2822 quomodo
1356 2723 1503 2820 superius
1518 2723 1591 2802 illos
1606 2747 1666 2823 per

241 2865 514 2939 memoratione
538 2872 571 2938 et
593 2885 651 2959 per
675 2855 845 2934 memorati
867 2851 1012 2929 temnis
1035 2863 1265 2948 exegmgutum
1286 2860 1334 2923 est
1350 2847 1488 2948 qualiter·
1516 2851 1663 2946 superine

242 2991 362 3088 legitur
386 2991 535 3088 proprius
557 2990 668 3062 inisset
691 2995 724 3063 et
746 2995 794 3060 eet
817 2983 859 3057 de
881 2989 1061 3057 memorato
1084 2986 1191 3053 vestro
1214 2977 1409 3051 monasterio
1431 2979 1532 3052 saneti
1555 2979 1657 3053 teha-

242 3117 359 3188 stiuni:
393 3127 426 3188 et
448 3123 624 3188 memorate
645 3123 754 3186 tenete
776 3121 885 3186 nostra
907 3109 1108 3204 neapolitana
1130 3105 1263 3178 eeclesia
1285 3104 1352 3177 'aud
1376 3113 1555 3177 memorato
1578 3127 1658 3180 mo-

241 3225 405 3316 rubrio:
431 3245 673 3310 nostro‘mnete
694 3235 796 3309 marie
819 3234 879 3331 qui
901 3235 1086 3308 nominetur
1108 3239 1142 3301 at
1162 3229 1217 3302 illu
1240 3237 1330 3304 turre
1352 3229 1438 3302 intus
1462 3230 1547 3324 ipsu
1569 3231 1649 3304 dues

243 3373 278 3438 et
302 3359 444 3436 irmdioti
468 3361 619 3434 terminer
640 3359 763 3433 nudem
779 3358 1030 3432 dominationem
1044 3357 1183 3428 ebuisset
1197 3377 1257 3449 per·
1268 3357 1374 3450 legem
1389 3355 1487 3428 neree
1501 3369 1561 3451 pet·
1575 3375 1661 3453 quu-
1697 3392 1699 3396 ·

243 3491 425 3586 damnum
449 3508 574 3562 ennon:
601 3491 721 3561 lterrrm
744 3497 777 3560 et
799 3488 907 3560 iurare
930 3486 1077 3562 taceretis
1093 3483 1185 3557 uobis
1204 3507 1268 3555 unu
1283 3505 1419 3578 persona
1434 3484 1534 3579 ipsius
1549 3483 1652 3556 vestri

239 3613 427 3688 monosterii
449 3621 483 3686 et
496 3613 603 3686 dioere
625 3634 684 3708 per
706 3621 941 3687 recrementum
957 3620 995 3683 ut
1008 3612 1150 3709 qualiter
1162 3611 1235 3684 illut
1249 3612 1435 3684 memoratio
1458 3609 1658 3686 omminibttt

240 3743 491 3818 adfirmubemut
521 3743 628 3816 tuliter
657 3744 782 3815 fideret
796 3749 830 3814 et
852 3752 901 3814 eet
923 3743 1116 3814 memoratus
1150 3741 1229 3816 dues
1261 3749 1294 3814 et
1325 3747 1524 3815 memoratus
1547 3749 1655 3816 umber

238 3869 454 3942 monasterius
482 3869 584 3942 murti
615 3868 784 3942 enudari
816 3841 890 3942 dui
926 3869 1031 3941 tenuit
1062 3877 1095 3940 et
1135 3865 1314 3940 dominavit
1352 3867 1455 3940 heere,
1481 3886 1540 3959 per
1558 3887 1661 3962 vqne·-

237 3994 422 4091 drugintem
445 4017 545 4068 runos
567 4004 600 4066 et
622 3975 800 4068 memoratu
822 4005 931 4068 ranem
954 4005 1063 4066 nostru
1078 3993 1279 4087 neapolitana
1294 3991 1427 4064 eeclesia
1449 4001 1505 4062 aut
1521 4011 1655 4063 momo-

238 4129 314 4190 rato
338 4118 530 4190 moumterio
552 4127 663 4191 nostro
683 4128 801 4192 ennete
816 4119 918 4218 merie
934 4119 1055 4193 ibidem
1069 4117 1193 4192 nudam
1208 4116 1427 4190 dominatione
1442 4114 1581 4188 debuisset
1597 4137 1659 4212 per

240 4249 352 4343 legem
376 4246 461 4320 intus
484 4247 727 4342 quadragintum
750 4269 871 4316 ennosr
906 4271 964 4320 nos
987 4258 1097 4324 autem
1118 4268 1314 4344 poneremus
1336 4245 1430 4320 uobis
1452 4244 1570 4320 exinde
1594 4265 1656 4318 te-

239 4375 402 4449 oun'tdte:
436 4387 469 4448 et
497 4373 575 4470 quie
605 4374 640 4444 in
656 4372 818 4468 *presentie
842 4375 1021 4468 recepimus
1053 4385 1183 4470 aperte
1207 4385 1314 4450 vestre
1337 4381 1515 4448 memoratu
1537 4394 1654 4445 ormu-

239 4511 353 4576 menta
374 4508 407 4574 et
429 4500 632 4574 definivimus
653 4498 954 4574 erindevobiseum
969 4481 1167 4579 nomnibus
1180 4512 1215 4576 et
1227 4504 1343 4580 amodo
1360 4513 1392 4576 et
1406 4523 1532 4595 semper
1547 4519 1653 4572 num·

238 4646 341 4720 quem
365 4624 580 4720 presumimus
602 4645 662 4696 nos
684 4631 741 4694 aut
764 4621 900 4716 posteris
919 4625 1036 4696 nostrie
1050 4647 1112 4696 nee
1126 4635 1303 4700 memoratu
1317 4632 1427 4698 ennete
1440 4629 1551 4694 nostre
1567 4644 1654 4694 neu-

236 4747 380 4842 polium
403 4747 535 4822 ecclesie
548 4757 789 4822 uutmemorato
798 4754 909 4820 neutro
925 4749 1120 4821 monisterio
1135 4761 1241 4824 runete
1256 4751 1358 4823 merie
1373 4769 1433 4822 neo
1447 4745 1598 4823 obeamus
1616 4745 1657 4821 li·

243 4871 385 4944 centium
411 4870 583 4968 aliquando
606 4881 751 4966 temporo
765 4891 825 4946 vos
840 4875 895 4943 eut
911 4869 1046 4967 porteris
1071 4871 1183 4948 ventris
1197 4883 1254 4947 eut
1270 4877 1448 4948 memento
1461 4893 1502 4948 ve
1513 4879 1582 4959 etro
1596 4892 1678 4972 moe
