4882 6534
1407 554 1419 642 (
1443 561 1511 618 reo
1535 545 1548 638 l

773 727 1030 817 habitatoresque
1062 719 1171 814 ipsius
1203 734 1278 786 cum
1308 703 1467 782 universis
1496 699 1743 796 respicientibus
1774 701 1886 774 omnia·
1922 711 1956 773 et
1989 704 2025 774 in
2048 707 2197 780 omuibus

772 853 842 949 iper
865 855 980 945 quarte
1001 849 1091 935 perte
1114 839 1154 910 de
1178 837 1247 928 ipse
1262 828 1397 906 eeclesia
1414 847 1490 898 cum
1514 822 1684 898 medietate
1706 820 1748 894 de
1772 822 1844 914 ipso
1868 832 1951 897 orto.
1969 824 2030 896 fiad
2055 829 2116 903 surb
2133 853 2198 902 ve-

775 990 840 1054 rna
863 969 1082 1070 potentimime
1105 961 1289 1034 defensione
1315 967 1349 1028 et
1367 975 1480 1029 omem
1498 952 1540 1025 de
1556 951 1664 1044 ipsum
1678 949 1900 1022 venmohilem
1915 949 2019 1026 locum
2036 954 2194 1041 habeatis:

776 1108 868 1180 Sicut
901 1103 941 1172 de
976 1099 1082 1165 vestre
1114 1087 1244 1184 proprie
1276 1087 1392 1158 domus
1415 1105 1458 1156 ex
1482 1081 1552 1174 ipse
1574 1077 1760 1172 supradicte
1783 1089 1890 1152 vestro
1922 1084 2083 1154 concessio
2113 1086 2196 1158 sicut

777 1249 873 1322 anper
896 1223 1053 1316 scriptum
1077 1225 1125 1290 est
1148 1214 1336 1286 antistamus
1355 1211 1396 1282 alt
1412 1208 1564 1282 omnibus
1586 1205 1753 1279 ominibus
1774 1217 1808 1280 ct
1831 1210 1859 1282 si
1882 1211 1967 1282 sorte
1991 1211 2196 1284 dedemavc-

776 1355 842 1438 rint
864 1359 920 1422 aut
943 1365 1148 1442 quecumque
1173 1338 1304 1436 querele
1329 1333 1512 1430 pervenerit
1535 1329 1588 1404 dei
1612 1331 1731 1404 summi
1757 1353 1879 1408 amore.
1903 1335 2050 1408 Homum
2074 1333 2124 1404 illi
2146 1334 2196 1408 iu·

777 1478 862 1552 stitia
885 1471 1059 1566 adimplere
1083 1490 1149 1540 non
1173 1465 1280 1538 differt
1303 1464 1358 1534 Set
1380 1458 1472 1532 omui
1504 1467 1648 1551 tempore
1671 1457 1754 1528 siem
1777 1479 1874 1552 super
1898 1459 2064 1532 concessio
2088 1468 2195 1532 nostm

777 1600 997 1699 promittimus
1014 1591 1202 1690 promittent
1224 1587 1355 1660 Nullam
1364 1633 1566 1658 .........
1570 1581 1723 1654 violentie
1739 1583 2014 1658 deminoratione
2031 1584 2084 1658 vel
2101 1605 2193 1681 super

787 1731 911 1802 ratione
934 1747 994 1798 seu
1017 1719 1183 1794 invasione
1206 1716 1260 1789 vel
1283 1715 1518 1811 qualecumque
1538 1710 1761 1786 molestatione
1778 1711 1884 1784 eidem
1898 1713 2117 1786 venerabilem
2140 1715 2194 1786 lo-

780 1881 856 1931 cum
880 1859 985 1931 tacere
1008 1855 1172 1946 presumat
1194 1844 1264 1916 Nisi
1272 1891 1425 1914 .......
1433 1861 1531 1936 super
1545 1860 1607 1934 pro
1627 1839 1680 1912 dei
1696 1858 1807 1912 amore
1824 1849 1857 1912 et
1870 1842 2067 1916 redemtione
2091 1843 2198 1914 enimc

778 1991 887 2058 nostre
911 1984 964 2056 vel
980 1986 1151 2075 porcetum
1170 1981 1356 2046 nostrorum
1371 1977 1404 2042 ct
1419 1969 1550 2066 quaudo
1565 1979 1603 2042 tu
1619 1969 1754 2040 domino
1770 1991 1845 2040 arro
1860 1969 2051 2044 venerabilis
2074 1969 2197 2042 hebbae

780 2110 822 2184 de
846 2107 989 2203 predicte
1013 2109 1121 2174 sancte
1129 2145 1353 2170 ..........
1368 2093 1488 2166 obierit
1510 2092 1674 2166 licentiam
1696 2091 1818 2162 hobead
1840 2092 1909 2184 ipse
1933 2101 1987 2164 nra
2011 2115 2197 2188 congrege.

779 2233 868 2304 tione
891 2229 931 2300 de
955 2237 1065 2298 nostra
1088 2230 1202 2318 quarta
1224 2217 1314 2316 quod
1338 2217 1432 2292 nobis
1455 2217 1594 2311 pertinet
1617 2215 1763 2286 abdelam
1786 2214 1870 2286 iuter
1892 2239 1927 2286 se
1943 2216 2070 2310 eligere
2095 2217 2196 2312 quale

780 2355 821 2426 de
845 2352 976 2424 illorum
1002 2347 1118 2422 melius
1136 2345 1197 2420 sivi
1204 2389 1355 2416 .......
1363 2353 1396 2415 et
1418 2341 1598 2414 secuudum
1619 2318 1764 2436 regulam
1786 2338 1872 2411 beuti
1893 2338 2056 2412 benedicti
2079 2341 2198 2432 petieri
2233 2383 2235 2386 -

780 2499 897 2552 corum
919 2475 1075 2570 petitione
1099 2467 1289 2563 adimplcad.
1320 2467 1414 2538 Etsi
1437 2466 1511 2564 quis
1535 2475 1643 2540 eutem
1666 2465 1741 2536 uius
1763 2463 1979 2536 concessionis
1999 2464 2198 2560 sacrilegem„

786 2647 1012 2674 ..........
1029 2596 1088 2693 qui
1112 2615 1209 2668 ausus
1231 2594 1330 2666 luerit
1352 2603 1465 2668 metra
1488 2603 1598 2668 nosue
1620 2590 1827 2667 concessione
1851 2594 2037 2668 causatione
2061 2594 2113 2666 vel
2128 2594 2197 2664 mi-

778 2729 946 2804 noratione
968 2727 1034 2798 Seu
1047 2722 1272 2798 molestatione
1295 2721 1348 2794 vel
1371 2720 1539 2796 invasione
1555 2721 1659 2794 iecere
1673 2721 1882 2816 presumserit
1888 2772 2017 2797 ......
2039 2747 2114 2796 vere
2129 2745 2198 2796 vo-

779 2857 879 2932 luerit
894 2863 950 2928 eut
973 2856 1013 2928 dc
1037 2861 1145 2926 nostra
1169 2861 1266 2947 gente
1287 2849 1340 2923 vel
1362 2849 1609 2946 qudecumque
1631 2871 1781 2944 persona.
1807 2850 1899 2922 Sciad
1921 2871 1957 2922 se
1980 2851 2014 2922 iu
2036 2850 2199 2922 tremendi

780 2986 894 3060 iudicii
921 2982 1069 3058 examine
1093 3003 1188 3056 causa
1210 3004 1229 3052 a
1253 2979 1347 3052 nolis
1372 2979 1535 3054 dicturum
1542 3029 1742 3052 .........
1751 2979 1786 3050 in
1809 2980 1857 3050 ire
1879 3001 2004 3052 summe
2027 2979 2196 3052 individue
2417 3024 2418 3110 p

779 3107 933 3180 trinitatis
957 3117 989 3179 ct
1014 3107 1050 3178 in
1072 3127 1172 3177 onore
1195 3105 1295 3176 sancti
1311 3105 1429 3178 uieolei
1444 3105 1589 3178 incurret
1602 3112 1636 3176 et
1652 3097 1822 3178 demeudm
1834 3125 1931 3200 super
1947 3128 2023 3178 erm
2038 3113 2196 3200 paterno-

781 3257 856 3308 rum
871 3233 1016 3308 ‘suorum
1024 3283 1174 3306 .......
1182 3239 1214 3306 et
1238 3231 1330 3306 abeat
1353 3241 1443 3326 parte
1467 3255 1543 3304 cum
1559 3234 1678 3330 dullen
1693 3242 1727 3308 et
1742 3233 1869 3306 abiron.
1882 3245 1917 3306 et
1929 3257 2007 3308 orm
2022 3237 2096 3311 iude
2113 3255 2199 3330 pro-

781 3363 883 3436 ditore
906 3361 1029 3437 domini
1052 3369 1086 3432 et
1117 3366 1265 3461 magistri
1287 3362 1347 3434 sui.
1373 3365 1431 3460 qui
1455 3362 1496 3436 ab
1526 3362 1701 3456 apostolico
1734 3365 1863 3460 agmine
1886 3375 2071 3460 segregatm
2093 3373 2141 3438 est
2164 3373 2203 3434 et

780 3501 966 3589 segregatus
989 3495 1051 3566 fied
1075 3517 1250 3590 aeorpore·
1268 3501 1301 3564 et
1323 3491 1479 3586 sanguine
1503 3491 1630 3565 domiui
1652 3493 1755 3564 nostri
1777 3493 1871 3566 ihesu
1887 3491 1999 3566 christi
2023 3501 2200 3564 exterrens

781 3625 814 3688 et
838 3617 992 3693 alienatus
1016 3617 1056 3688 eb
1080 3621 1171 3692 omni
1195 3619 1342 3712 ingressu
1365 3615 1573 3688 ecclesiarum
1598 3627 1632 3688 et
1654 3639 1729 3690 cum
1751 3616 1858 3710 impiis
1875 3624 1908 3688 et
1923 3615 2096 3714 melioratis
2120 3637 2199 3708 pers

781 3743 869 3816 illius
891 3743 933 3818 sit
962 3745 1167 3842 instaguum
1200 3745 1286 3838 iguis
1319 3751 1353 3814 et
1368 3745 1517 3817 sulfuris
1549 3745 1689 3818 undantis
1721 3752 1755 3818 et
1785 3745 1985 3840 quicumque
2009 3743 2138 3819 adiutor
2160 3755 2198 3818 et

780 3881 985 3946 conservator
1008 3873 1061 3946 vel
1084 3871 1220 3944 offertor
1239 3869 1381 3944 extiterit
1403 3873 1770 3946 videatdomendei
1787 3881 1910 3944 etcum
1934 3872 2045 3944 electis
2067 3869 2136 3944 eius
2159 3879 2196 3942 ct

780 3998 1039 4074 endiis-mercer
1061 4005 1138 4072 cnm
1160 3999 1188 4070 is
1212 3998 1270 4094 qui
1293 4025 1313 4070 a
1336 4003 1468 4072 dextera
1491 3999 1585 4096 positi
1610 4007 1686 4071 sunt
1708 3999 1771 4070 erit
1795 3998 1902 4072 venite
1918 3997 2078 4072 benedicti
2094 3997 2192 4092 petris

778 4119 842 4194 etsi
857 4124 1009 4218 percipite
1032 4143 1169 4217 regnum
1192 4123 1280 4218 quod
1303 4122 1395 4197 vobis
1411 4129 1558 4220 paratum
1581 4130 1630 4196 cst
1653 4121 1693 4194 eo
1716 4121 1841 4215 origine
1865 4121 1992 4197 mundi.
2017 4123 2136 4200 llunde
2158 4131 2193 4194 et

778 4245 930 4334 guadiam
954 4247 1013 4336 filei
1037 4247 1184 4322 dedimus
1207 4259 1240 4322 et
1262 4247 1474 4324 mediatorem
1498 4246 1559 4322 tili
1580 4247 1750 4342 malimus
1768 4248 1911 4320 Mertino
1938 4247 2005 4344 filio
2029 4247 2191 4342 quoddam

781 4366 858 4458 lupo
875 4368 1030 4460 megietm
1038 4419 1164 4445 ......
1172 4383 1207 4444 et·
1222 4373 1427 4468 obbligamtu
1443 4393 1504 4444 noe
1519 4380 1553 4444 ct
1567 4381 1695 4446 nostroe
1713 4371 1847 4474 heredes
1865 4371 1957 4448 reue
1968 4372 2101 4452 domiuo
2116 4393 2197 4444 ezzov

779 4495 973 4568 venerililis
996 4499 1115 4572 hamar
1138 4511 1171 4572 et
1192 4501 1323 4596 tuisque
1345 4483 1584 4592 commeritus
1597 4501 1688 4598 quod
1703 4502 1927 4576 eieceraoie
1940 4503 2027 4597 quod
2045 4502 2199 4597 superius

779 4625 933 4718 scriptum
956 4637 1003 4700 est
1025 4631 1052 4700 ei
1075 4653 1142 4702 nou
1165 4629 1446 4723 adimpleverimus
1479 4631 1585 4705 autri
1606 4631 1725 4728 exiendo
1754 4631 1865 4706 tollere
1890 4631 1942 4704 rel
1965 4629 2114 4704 minume
2132 4631 2196 4702 vel

779 4749 925 4824 minnere
948 4733 1139 4828 volucritat
1154 4776 1384 4849 componamus
1406 4779 1467 4830 uos
1486 4757 1544 4854 qui
1557 4777 1655 4849 snpra
1670 4755 1828 4830 nominati
1842 4755 1987 4850 germani
2004 4755 2057 4827 vel
2073 4753 2197 4830 nouis

779 4872 926 4952 aradibus
948 4875 1067 4956 ibidem
1089 4879 1124 4952 in
1154 4877 1224 4974 ipsa
1245 4889 1352 4962 sancte
1365 4881 1510 4962 ecclesie
1541 4882 1596 4958 cui
1620 4884 1664 4958 ds
1682 4882 1967 4964 conuenturam
1989 4882 2083 4978 culpe
2104 4903 2192 4975 pena
2259 4970 2261 4979 y
