4888 6528
863 544 878 632 (
907 541 1008 636 rae)

832 733 1014 850 ¹ccorrru.

325 960 356 1057 †
382 960 420 1030 n
443 959 573 1032 nomine
597 957 719 1032 omini
742 957 984 1032 retentatoris
1007 959 1110 1032 nasta
1129 959 1223 1032 neu
1237 955 1368 1032 atreo:
1386 959 1566 1054 reperere
1582 959 1647 1032 oo·
1746 936 1807 1004 Ae·

231 1086 321 1158 mino
344 1095 456 1157 noetro
479 1081 595 1156 hesitio
618 1102 738 1176 magno
761 1080 957 1174 imperatore,
984 1102 1068 1180 anno
1091 1082 1290 1176 sexagesimo
1313 1082 1370 1154 sed
1392 1090 1425 1154 et
1448 1084 1647 1154 constantino
1726 1073 1834 1166 ¹⁰²9

233 1214 335 1284 trater
359 1212 429 1282 eius
454 1229 575 1304 magno
598 1208 793 1303 imperatore
826 1231 912 1280 anno
935 1208 1204 1304 quinquagesimo
1228 1211 1384 1302 septimo:
1418 1209 1471 1280 die
1491 1211 1650 1305 ¹vigesima

233 1323 355 1409 mensis
378 1333 534 1409 lehrnerii
558 1332 735 1406 indictione
759 1333 851 1405 tertia
867 1333 1016 1424 neapoli:
1044 1331 1177 1406 Certum
1193 1342 1241 1408 est
1253 1355 1314 1406 nos
1330 1335 1485 1430 stephano
1501 1345 1536 1406 et
1555 1346 1648 1427 petro
1770 1315 1783 1344 ’

234 1462 396 1560 germanis
424 1461 499 1548 fdiis
531 1460 693 1557 quondam
722 1459 820 1552 sergii
843 1461 1007 1530 contricati
1032 1459 1242 1532 ahitatorihus
1264 1462 1300 1533 in
1323 1462 1397 1532 loco
1420 1463 1479 1558 qui
1512 1473 1648 1536 vocatur

130 1635 135 1646 ·
234 1595 351 1680 quarto
381 1583 540 1680 pictulum
573 1583 655 1654 insta
688 1581 810 1676 giniolo
842 1581 922 1652 loris
948 1579 1119 1652 llnheum:
1155 1603 1174 1650 a
1196 1583 1337 1674 presenti
1360 1583 1412 1654 die
1435 1585 1651 1676 promtissima

236 1711 414 1786 volumtate
436 1709 656 1804 promittimus
671 1707 764 1782 vohis
779 1709 913 1780 domino
928 1707 1072 1804 pancrati
1092 1704 1270 1780 venerabili
1285 1706 1439 1800 igumeno
1464 1699 1650 1784 monasterii

236 1847 422 1908 sanctorum
445 1835 543 1932 sergii
559 1844 591 1908 et
605 1833 699 1908 bachi
713 1835 773 1932 qui
787 1857 874 1908 nunc
897 1843 1112 1929 congregatus
1135 1833 1233 1906 estin
1249 1834 1444 1906 monasterio
1464 1845 1650 1908 sanctornm

232 1959 382 2034 theodori
406 1975 439 2034 et
463 1961 634 2036 sebastiani
656 1962 715 2058 qui
738 1963 917 2057 appellatur
940 1961 1098 2055 casapieta
1120 1959 1219 2032 murm
1242 1959 1278 2030 in
1300 1959 1531 2034 viridiarium:
1558 1973 1590 2034 et
1618 1973 1652 2034 at

234 2099 349 2162 concta
360 2099 467 2164 sancta
482 2099 588 2164 restra
603 2091 854 2186 congregatione
868 2088 1103 2162 monachornm
1117 2087 1310 2162 venerahilis
1330 2089 1431 2161 vestri
1448 2091 1647 2164 monasterii:

233 2225 367 2308 propter
389 2223 480 2310 parte
503 2214 543 2290 de
567 2215 663 2288 terris
682 2213 800 2289 resuis
823 2213 905 2288 iuris
928 2213 1101 2288 memorati
1125 2212 1225 2286 vestri
1250 2213 1455 2286 monasterii:
1491 2225 1648 2311 qnantrrm

234 2362 296 2412 nos
318 2341 436 2416 exinde
460 2341 501 2416 de
524 2352 617 2414 antea
640 2351 786 2415 tenemus
809 2342 844 2414 in
868 2349 1047 2418 memorato
1061 2339 1268 2435 locoquarto
1282 2341 1440 2436 pictnlum
1459 2353 1493 2414 et
1508 2344 1649 2438 giniolo:
1754 2327 1761 2342 ⁸

234 2469 367 2543 insimul
384 2492 448 2542 nna
462 2491 539 2542 cnm
554 2465 725 2540 arrorihus
740 2467 916 2540 fructileris
939 2468 992 2540 vel
1008 2467 1216 2541 infructiferis
1232 2477 1266 2540 et
1280 2491 1358 2542 cnm
1375 2472 1521 2544 introitus
1538 2495 1652 2546 earnm

235 2605 270 2668 et
293 2595 443 2670 omnihus
466 2597 508 2668 eir
530 2595 783 2692 pertinencium
798 2595 889 2692 qnod
912 2604 960 2674 est
981 2597 1090 2691 ipsum
1117 2603 1242 2690 esparte
1265 2604 1427 2692 quantum
1447 2591 1507 2668 nos
1530 2599 1649 2670 exindo

234 2733 383 2798 tenemus
407 2733 441 2796 at
464 2723 675 2800 lacerandum
698 2724 805 2812 sicuti
818 2724 954 2798 interius
976 2723 1050 2796 illos
1074 2723 1299 2796 nominamus:
1317 2723 1383 2796 due
1397 2745 1476 2794 vero
1492 2722 1578 2818 petie
1593 2725 1652 2820 qni

233 2861 311 2924 sunt
334 2851 371 2924 in
383 2851 584 2948 aliquantum
599 2851 636 2928 in
650 2875 717 2928 nno
734 2851 889 2926 coniunte
905 2859 939 2924 et
955 2849 1140 2924 nominatur
1154 2850 1239 2924 tosa
1255 2850 1296 2924 de
1312 2847 1464 2922 cunctim
1479 2849 1652 2925 coherente

233 2975 298 3046 siri
322 2975 363 3046 nh
385 2997 452 3048 uno
475 2974 575 3050 latere
598 2987 689 3072 parte
706 2973 870 3048 horientis
892 2981 941 3046 cst
963 2973 999 3045 in
1021 2971 1225 3068 aliquantum
1246 2981 1332 3046 terra
1347 2971 1503 3046 heredum
1525 2971 1652 3046 domini

234 3101 369 3174 iohanni
392 3099 433 3172 de
449 3099 580 3174 domina
596 3109 688 3171 rute:
703 3122 794 3174 seram
812 3108 846 3174 et
861 3107 962 3172 terras
975 3097 1145 3172 memorati
1160 3096 1259 3172 vestri
1273 3099 1459 3174 monasterii
1476 3121 1541 3195 qne
1556 3100 1653 3172 laro-

236 3237 320 3298 rat..
334 3275 367 3298 ..
382 3226 436 3296 ,de
450 3225 582 3298 emmila
597 3249 677 3322 quas
700 3226 734 3298 in
757 3235 864 3299 vestra
879 3226 1067 3300 reservastis
1077 3233 1244 3320 potestate:
1264 3215 1352 3298 etde
1366 3226 1430 3298 elio
1444 3227 1650 3322 latere-parto

237 3347 411 3424 occidentis
429 3359 515 3422 terra
529 3349 686 3424 heredum
713 3350 837 3426 donrini
851 3350 1003 3446 gregorii
1018 3353 1058 3426 de
1077 3352 1206 3426 domina
1223 3355 1379 3428 rotunda:
1406 3353 1450 3426 ah
1464 3377 1534 3454 nno
1547 3353 1652 3448 capite
1782 3453 1785 3456 ¹

233 3486 326 3569 parte
347 3475 585 3570 septemtrionis
607 3477 660 3548 ria
682 3463 832 3571 publica:
863 3489 896 3548 et
918 3501 938 3548 a
961 3478 1039 3550 ioris
1065 3481 1134 3574 ipsa
1156 3481 1210 3554 via
1232 3493 1308 3554 sunt
1331 3482 1401 3554 aliis
1425 3483 1517 3554 terris
1540 3483 1655 3556 vestris

234 3597 337 3692 ipsius
351 3599 449 3672 vestri
465 3601 652 3674 monasterii
669 3623 734 3694 qne
750 3603 870 3684 detinet
885 3604 946 3698 ipsi
970 3603 1011 3676 de
1033 3605 1184 3679 cmcdile:
1205 3613 1237 3678 at
1259 3605 1470 3678 uvormtum
1493 3629 1593 3703 quem
1618 3608 1653 3680 in

233 3733 341 3796 vestra
364 3723 548 3798 reserhastis
570 3736 747 3821 potestate:
767 3737 800 3802 et
817 3729 858 3802 de
875 3731 939 3802 alio
958 3729 1062 3824 eapite
1084 3741 1176 3827 porte
1199 3732 1376 3806 meridiana
1400 3743 1449 3804 est
1473 3743 1653 3808 memorata

235 3860 324 3922 terra
340 3853 508 3924 memorati
521 3854 666 3926 mmmm
680 3857 844 3950 quondam
859 3855 985 3928 domini
1006 3857 1143 3940 johanni
1166 3859 1206 3934 de
1230 3858 1360 3932 domina
1375 3865 1465 3932 ruta:
1478 3871 1512 3930 et
1534 3859 1570 3930 in
1588 3861 1654 3932 ali-

231 3985 395 4071 quantum
411 3987 459 4048 est
475 3980 643 4051 coniuncta
659 4002 736 4054 cum
751 3991 928 4056 memorata
951 3983 1014 4056 clia
1037 3985 1140 4076 petia:
1170 3991 1203 4054 et
1225 3983 1294 4078 ipsa
1309 3985 1370 4056 elia
1387 3985 1474 4076 petia
1489 3983 1563 4056 finis
1581 3983 1656 4058 abet

231 4103 279 4174 aa
304 4127 370 4180 uno
389 4101 488 4216 utere
504 4109 886 4207 palaestinensem
902 4111 1026 4186 roma:
1043 4085 1332 4209 gregorianam
1348 4113 1388 4186 oe
1404 4101 1653 4206 samanaeos

233 4231 304 4302 alio
322 4231 421 4304 latere
437 4241 527 4327 parte
542 4233 749 4326 septemtionis
763 4226 896 4306 cohere't
911 4247 1089 4312 memorata
1103 4251 1188 4312 terra
1199 4239 1370 4310 memorati
1384 4237 1541 4312 heredum
1555 4261 1655 4333 prou·

233 4359 314 4428 dcm
329 4358 454 4430 domim
468 4358 611 4454 gregorii
629 4359 670 4430 de
684 4359 815 4431 domina
830 4361 987 4434 rotunda:
1007 4364 1047 4434 de
1064 4387 1130 4466 uno
1146 4366 1250 4460 capite
1267 4375 1357 4459 parte
1374 4364 1656 4448 orientia-coheret
1711 4368 1715 4376 '

232 4495 415 4560 memorata
430 4495 528 4578 terra
552 4486 725 4571 memorati
748 4484 906 4560 heredum
931 4486 1057 4558 domini
1079 4488 1213 4564 iohanni
1237 4493 1277 4564 de
1300 4491 1433 4564 domina
1457 4499 1554 4562 ruta:
1581 4500 1614 4560 et
1637 4513 1657 4560 a

231 4623 330 4708 parte
344 4613 520 4686 occidentis
537 4613 590 4690 ria
607 4613 749 4709 publica:
766 4617 858 4688 tertia
887 4637 965 4688 tero
987 4617 1073 4711 petia
1087 4616 1143 4720 ibi
1165 4619 1273 4710 ipsum
1297 4620 1429 4692 coheret
1451 4601 1515 4692 siri
1533 4619 1574 4690 ah
1590 4641 1658 4692 nno

232 4741 338 4814 latere
354 4754 447 4838 parte
463 4745 640 4818 meridiana
658 4730 744 4824 terra
763 4739 897 4816 ecclesie
921 4751 1030 4816 sancte
1054 4744 1191 4839 agathe:
1218 4745 1258 4818 de
1282 4743 1347 4814 alio
1364 4743 1466 4816 latere
1487 4753 1577 4839 parto
1600 4765 1660 4816 se-

231 4865 442 4964 ptemtrionis
465 4878 551 4940 terra
575 4869 710 4942 ecclesie
734 4869 833 4940 suncti
850 4869 932 4961 petri
946 4892 958 4950 ελ
981 4892 1000 4936 a
1024 4879 1114 4962 parte
1137 4890 1217 4942 vero
1240 4865 1397 4944 herientis
1421 4878 1454 4944 et
1477 4867 1658 4944 occidentis
