4888 6528
879 615 1027 711 (rar)
1108 573 1110 578 ⁵

881 899 1057 971 eccm.

356 1163 392 1258 †
413 1163 452 1234 ln
474 1163 604 1234 nomine
628 1159 752 1233 domini
774 1159 826 1234 dei
848 1161 1016 1235 salvatoris
1030 1159 1240 1239 nostrilhesu
1255 1165 1389 1240 Christi:
1405 1167 1584 1264 Imperante
1604 1167 1672 1241 ‹to-⁴
1769 1153 1829 1224 AB·

260 1287 354 1360 ndno
377 1299 488 1358 nostro
511 1285 627 1359 basilio
651 1309 768 1380 magno
792 1285 984 1382 imperatore
1007 1311 1092 1360 anno
1114 1271 1311 1386 sexagesimo
1327 1303 1444 1365 sexto:
1471 1295 1527 1367 sed
1542 1302 1574 1368 et
1588 1319 1672 1368 con-
1756 1288 1860 1352 1⁰2⁶·

262 1414 403 1487 cantino
435 1416 533 1484 irater
564 1416 633 1486 eius
664 1437 782 1507 magno
813 1417 1004 1508 imperatore
1037 1437 1120 1486 anno
1143 1420 1342 1511 sexagesimo
1362 1421 1478 1492 tertios
1509 1423 1561 1494 die
1584 1427 1676 1496 tertia

263 1537 384 1610 mensis
406 1537 503 1628 magii
527 1536 699 1608 indictione
725 1559 807 1608 nona
831 1537 975 1630 neapoli:
1001 1539 1133 1609 Certum
1156 1552 1204 1610 est
1228 1563 1280 1610 me
1306 1557 1442 1633 petrum
1472 1546 1531 1638 qui
1564 1549 1677 1618 nomi·
1757 1621 1760 1626 ,

266 1670 360 1732 natur
390 1659 531 1755 gallitula
563 1659 668 1730 filium
699 1661 862 1755 quondam
894 1659 962 1729 ursi
997 1661 1035 1730 dc
1070 1662 1249 1732 formosum
1279 1661 1416 1733 abitator
1444 1666 1480 1734 in
1511 1666 1585 1736 loco
1620 1669 1679 1760 qui

265 1789 449 1862 nominatur
477 1788 690 1882 pumilionum
713 1788 811 1858 situm
835 1787 915 1858 soris
940 1809 1054 1858 arcora
1077 1789 1206 1860 dudum
1230 1789 1454 1884 aqueductus:
1484 1793 1514 1862 Α
1537 1797 1677 1886 presenti

263 1919 319 1988 die
341 1915 556 2010 promtissima
578 1917 755 1987 volumtate
780 1915 979 1986 commutabi
996 1925 1028 1984 et
1045 1915 1173 1988 tradidit
1191 1915 1250 1986 tibi
1266 1939 1402 2010 sparano
1429 1941 1584 2010 germano
1603 1944 1677 1992 meo

262 2037 332 2110 atio
355 2038 517 2132 quondam
540 2039 716 2132 pumiliani.
735 2037 873 2108 abitator
897 2038 937 2108 de
953 2029 1133 2108 memorato
1150 2039 1247 2108 locor
1266 2037 1348 2109 idest
1365 2039 1490 2134 integra
1507 2063 1572 2111 una
1592 2043 1677 2135 petia

264 2183 335 2232 mea
359 2163 398 2231 de
421 2171 507 2232 terra
531 2183 595 2256 qne
617 2163 802 2234 nominatur
826 2171 859 2232 at
882 2173 1011 2255 pratora
1034 2163 1138 2253 posita
1155 2161 1189 2232 in
1205 2173 1389 2233 memorato
1410 2163 1499 2235 loco:
1515 2163 1580 2238 una
1602 2190 1678 2236 cum

260 2283 431 2356 moribus
453 2296 486 2357 et
508 2309 584 2358 cum
607 2287 778 2357 introitum
801 2309 897 2359 suum
913 2295 945 2357 et
958 2287 1108 2359 omnibus
1131 2289 1194 2360 sivi
1218 2288 1479 2382 pertinentibus:
1506 2289 1675 2359 coherente

262 2409 328 2480 sivi
351 2409 392 2478 ab
415 2431 482 2480 uno
506 2409 605 2478 latere
628 2409 725 2477 etde
750 2429 816 2476 uno
838 2409 941 2498 capite
966 2417 1052 2478 terra
1081 2409 1216 2477 macrini
1249 2411 1387 2500 lagnese
1420 2411 1462 2481 de
1498 2421 1676 2484 memorato

265 2529 361 2601 loeo:
385 2531 425 2602 de
448 2530 513 2601 alio
535 2529 634 2602 latere
656 2538 741 2598 terra
767 2527 923 2622 episcopii
949 2528 1051 2597 sancti
1082 2527 1170 2598 iclici
1203 2530 1322 2600 nolani.
1367 2542 1400 2602 et
1423 2543 1510 2606 te'rra
1545 2533 1678 2606 heredes

265 2655 429 2750 quondam
451 2654 582 2726 lermosi
609 2652 754 2747 germani
785 2653 863 2723 mci.
888 2673 930 2728 ex
958 2650 1024 2721 alio
1055 2651 1159 2744 capite
1193 2663 1278 2722 terra
1311 2655 1483 2724 memorati
1521 2655 1675 2747 episcopii
1698 2693 1701 2698 ·

265 2782 367 2853 suncti
390 2781 475 2852 felici
499 2789 531 2852 et
555 2779 627 2850 abet
649 2803 708 2873 ρετ
729 2799 929 2873 unoquoque
951 2778 1052 2850 latere
1077 2780 1117 2849 de
1142 2778 1344 2871 longitudine
1359 2802 1418 2848 ana
1433 2778 1517 2871 passi
1534 2779 1679 2874 quadra-

264 2905 355 2998 ginta
378 2911 525 2999 quatuor.
548 2913 582 2973 et
603 2923 664 2996 pro
687 2922 754 2972 uno
777 2922 909 2994 quoque
933 2899 1040 2991 capite
1057 2883 1130 2972 abet
1144 2901 1184 2971 de
1207 2900 1374 2970 latitudine
1390 2925 1450 2971 ana
1464 2901 1549 2994 passi
1564 2902 1679 2972 decem

265 3041 300 3102 et
322 3037 409 3101 octo.
437 3030 607 3100 memorati
628 3027 713 3121 passi
735 3025 913 3098 mensurati
935 3035 1010 3097 sunt
1034 3037 1066 3097 at
1090 3049 1219 3119 passum
1250 3029 1391 3098 lerreum
1415 3041 1521 3100 sancte
1551 3051 1678 3120 neapo·

266 3159 366 3230 litone
388 3157 536 3229 ecclesie:
562 3157 602 3226 de
625 3179 691 3250 qua
715 3153 799 3259 nibil
823 3153 907 3225 mibi
934 3153 1021 3226 intus
1045 3155 1128 3248 ipsas
1153 3155 1355 3226 coherentias
1380 3165 1414 3224 et
1437 3179 1495 3249 ρετ
1525 3155 1678 3224 iamdicta

266 3303 416 3355 mensura
439 3281 553 3352 exinde
576 3279 700 3374 aliquot
722 3281 875 3349 remansit
899 3290 955 3349 aut
980 3279 1155 3350 reserbavit
1174 3301 1233 3350 nce
1249 3281 1284 3348 in
1302 3279 1404 3352 aliena
1419 3280 1577 3372 cuiusque
1602 3302 1677 3370 ρετ·
1715 3365 1722 3368 Β

265 3429 346 3482 sona
367 3407 456 3502 quod
479 3405 560 3476 absit
581 3407 745 3476 commisit
769 3415 826 3476 aut
850 3409 915 3478 iam
941 3407 1114 3478 commioto
1139 3400 1348 3498 potestatem:
1373 3417 1422 3478 set
1437 3431 1455 3475 a
1471 3405 1609 3499 presenti
1624 3406 1678 3476 die
1805 3392 1809 3400 ¹

265 3542 302 3600 ct
323 3529 471 3620 deinceps
494 3553 512 3598 a
536 3549 589 3599 me
614 3527 673 3596 tibi
698 3527 763 3596 sint
786 3533 1022 3596 commutatum
1046 3535 1081 3596 et
1103 3526 1259 3596 traditum
1282 3526 1317 3596 in
1341 3537 1395 3596 tua
1418 3526 1548 3617 tuisque
1576 3528 1677 3598 here-

262 3652 360 3724 dibus
382 3650 446 3720 sint
469 3655 655 3744 potestatem
671 3671 801 3744 queque
817 3646 933 3720 exinde
948 3652 1052 3720 lacere
1080 3647 1247 3719 volueritis
1264 3669 1390 3742 semper
1406 3649 1545 3722 liveram
1560 3651 1677 3720 exinde

265 3778 386 3850 abeatis
411 3785 614 3869 potestatem:
643 3783 675 3844 et
699 3796 805 3868 neque
830 3799 848 3844 a
871 3797 923 3846 me
948 3783 1129 3846 memorato
1153 3783 1246 3868 petro
1270 3798 1375 3868 neque
1399 3800 1418 3844 a
1441 3775 1523 3846 meis
1548 3775 1677 3848 heredi·

265 3903 327 3973 bus
341 3923 400 3972 nee
416 3899 540 3969 anobis
553 3898 698 3991 personis
718 3897 896 3968 summissis
909 3897 999 3968 nullo
1019 3909 1163 3992 tempore
1174 3901 1345 3992 'nunquam
1361 3909 1397 3968 tu
1412 3909 1588 3968 memorato
1605 3921 1677 3990 spa-

266 4045 347 4094 rano
371 4043 522 4116 germano
545 4047 618 4094 meo
643 4031 699 4095 aut
726 4021 859 4093 heredes
884 4025 948 4093 tuis
972 4025 1060 4117 quod
1085 4025 1169 4094 absit
1204 4025 1322 4093 abeatis
1356 4023 1471 4092 exinde
1504 4023 1676 4115 aliquando

266 4167 473 4244 quacumque
496 4148 710 4241 requesitione
737 4157 792 4217 aut
816 4149 961 4217 molestia
983 4171 1041 4241 per
1064 4149 1190 4218 nullum
1214 4147 1347 4218 modum
1369 4169 1430 4216 nec
1452 4169 1509 4238 ρετ
1524 4147 1676 4218 summis-

268 4295 319 4348 sas
343 4291 492 4366 personas
516 4293 532 4336 a
557 4293 642 4340 nunc
666 4281 698 4338 et
720 4273 756 4342 in
784 4271 945 4364 perpetuis
968 4271 1202 4364 temporibus:
1242 4272 1378 4363 insuper
1406 4271 1496 4340 omni
1530 4282 1675 4365 tempore

272 4421 337 4493 ego
359 4407 392 4466 et
414 4393 545 4464 heredes
569 4393 649 4462 meis
673 4392 732 4461 tibi
754 4393 883 4486 tuisque
905 4393 1081 4464 heredibus
1105 4395 1221 4465 exinde
1247 4394 1280 4463 in
1296 4393 1448 4464 omnibus
1468 4401 1625 4466 antestare
1641 4409 1675 4466 et

268 4524 436 4594 defensare
455 4520 649 4591 debeamus:
673 4533 803 4612 propter
827 4529 908 4612 quot
931 4527 963 4587 at
987 4519 1093 4588 vicem
1121 4520 1155 4589 in
1171 4520 1421 4589 commutatione
1439 4540 1674 4610 recompensa-

267 4643 428 4735 tionisque
451 4641 558 4732 accepi
582 4665 600 4708 a
626 4649 654 4710 te
679 4639 795 4710 exinde
819 4642 855 4710 in
877 4639 1043 4734 presentis.
1068 4638 1149 4710 idest
1174 4639 1300 4730 integra
1325 4641 1410 4731 petia
1433 4649 1488 4706 tua
1514 4639 1554 4707 de
1589 4649 1673 4712 terre

270 4791 334 4864 qno
356 4767 540 4838 nominatur
563 4767 602 4835 ad
625 4767 678 4836 illa
703 4789 801 4860 gruce
825 4765 928 4858 posita
952 4764 987 4833 in
1010 4774 1188 4832 memorato
1212 4763 1299 4860 loco.
1322 4785 1387 4834 una
1410 4785 1484 4832 cum
1503 4763 1672 4838 arvoribrs

269 4903 305 4964 et
324 4892 491 4965 introitum
514 4911 609 4964 suum
632 4903 665 4964 et
687 4891 837 4964 omnibus
861 4890 925 5008 sivi
947 4890 1204 4984 pertinentibus:
1238 4889 1409 4962 coherente
1439 4891 1511 4964 sivi
1536 4889 1577 4963 ab
1607 4876 1673 4964 udo

1283 5011 1299 5044 a
