4882 6534
1282 633 1284 638 Ι
1400 681 1546 780 (nee)

759 859 828 951 ipse
843 855 1012 928 medietate
1028 871 1086 920 sun
1101 849 1276 916 roberteret
1287 849 1322 910 et
1345 847 1457 910 exeret
1471 837 1624 906 οῦοιιιιιιι
1639 845 1671 908 et
1687 839 1845 914 heditnm
1860 845 1895 916 io
1910 865 2087 924 memerato
2111 881 2190 930 mo-

760 979 900 1050 nasterio
913 973 1008 1044 sicuti
1031 980 1063 1040 et
1081 963 1250 1061 quomodo
1273 963 1308 1032 in
1330 957 1481 1030 omnibus
1497 969 1676 1032 memoratu
1693 959 1839 1036 chameis
1855 969 2016 1042 continet:
2042 977 2137 1051 etism
2154 991 2189 1050 et

759 1105 936 1169 memorato
959 1089 1098 1184 genitori
1121 1095 1233 1160 nestro
1256 1084 1343 1158 tuilit
1368 1107 1432 1154 une
1455 1083 1540 1177 petia
1565 1081 1605 1151 de
1628 1092 1715 1156 terre
1742 1088 1921 1180 pertinente
1948 1093 1989 1164 de
2012 1109 2185 1170 memnrsts

759 1220 891 1294 ecclesie
907 1228 938 1286 et
951 1217 1019 1312 ipse
1034 1213 1087 1284 illa
1102 1212 1318 1284 venumdedi:
1345 1219 1377 1282 et
1399 1209 1476 1304 quie
1500 1207 1675 1304 quesistitis
1699 1231 1758 1282 vos
1781 1213 1873 1285 nobis
1890 1226 1928 1288 ιιι
1944 1216 2000 1288 itu
2014 1220 2188 1318 recoilige-

761 1367 867 1416 remus
891 1353 923 1410 et
945 1339 1092 1410 stetimus
1115 1333 1232 1407 exinde
1256 1333 1425 1424 vohiseum
1448 1341 1481 1402 at
1502 1331 1610 1424 legem
1625 1341 1659 1404 et
1672 1332 1897 1410 iudicauerunt
1912 1350 1951 1410 ut
1966 1363 2027 1412 nos
2042 1343 2112 1414 illes
2130 1369 2188 1415 re-

738 1473 984 1565 ‚colligeremus
1018 1478 1051 1538 et
1082 1489 1148 1538 non
1172 1461 1367 1558 potuibimns
1392 1459 1448 1530 ilie
1470 1457 1682 1553 recolligere:
1717 1469 1750 1532 et
1773 1465 1851 1559 quin
1874 1487 1934 1538 nus
1957 1469 2104 1562 sepimus
2129 1496 2187 1543 ιοι

758 1626 874 1696 regere
899 1611 935 1672 ut
958 1601 1107 1670 deremm
1140 1593 1262 1664 ibidem
1293 1589 1355 1660 alia
1389 1611 1454 1662 une
1476 1588 1560 1684 petie
1584 1589 1624 1660 de
1648 1597 1733 1662 terre
1759 1593 1819 1687 qui
1842 1605 1891 1664 est
1914 1595 2087 1670 coniuncta
2111 1621 2184 1670 enm

761 1737 846 1798 terra
870 1748 913 1796 ex
935 1723 1003 1816 ipsu
1027 1717 1179 1790 eeclesia:
1204 1723 1236 1784 et
1264 1715 1368 1784 vinem
1390 1734 1452 1806 pro
1477 1721 1653 1784 memorate
1677 1722 1763 1786 terre
1785 1737 1853 1810 que
1876 1719 2040 1790 venditam
2064 1731 2130 1792 ert:
2155 1733 2187 1794 et

761 1853 1055 1924 abrenuntiaremus
1078 1847 1170 1918 uobis
1192 1845 1298 1938 ipsum
1322 1851 1480 1936 qnantum
1512 1841 1604 1914 nobis
1627 1844 1764 1936 pertinet
1787 1843 1827 1916 de
1852 1861 2027 1920 memorata
2049 1851 2181 1924 eeclesia

761 1983 860 2052 sancti
884 1980 967 2072 petri
989 1999 1065 2047 enm
1088 1973 1237 2044 omnibus
1269 1974 1330 2045 sivi
1364 1973 1597 2067 pertinentibus
1620 1986 1652 2044 et
1676 1973 1886 2048 refunderetis
1909 1980 2001 2052 nobis
2024 1981 2094 2052 anri
2117 1983 2178 2052 turi

761 2113 931 2204 quinque:
958 2107 1055 2178 etiam
1080 2115 1112 2174 et
1135 2105 1169 2176 in
1183 2105 1338 2198 presentis
1361 2127 1421 2198 per
1444 2125 1503 2174 vos
1526 2102 1675 2174 dedimus
1698 2113 1730 2174 et
1745 2106 1933 2178 tradidimus
1955 2109 1990 2180 in
2005 2123 2182 2182 memorata

762 2238 893 2308 eeclesia
916 2245 1092 2306 memorata
1114 2230 1200 2326 petia
1222 2231 1263 2302 de
1286 2239 1463 2303 memorate
1487 2241 1572 2302 terra
1595 2251 1658 2300 une
1680 2251 1755 2302 cum
1778 2230 1946 2302 erroribus
1960 2243 1994 2304 et
2008 2231 2179 2306 introitum

761 2383 858 2434 suum
881 2367 913 2430 et
936 2355 1088 2428 omnihus
1110 2353 1173 2424 mvi
1196 2351 1448 2446 pertinentibus:
1472 2351 1645 2424 coherente
1668 2352 1732 2422 siri
1744 2353 1783 2424 sb
1796 2372 1863 2424 une
1877 2353 1977 2426 intere
1993 2368 2083 2450 parte
2100 2379 2178 2429 me-

761 2487 885 2558 ridient
900 2495 932 2556 et
947 2487 987 2558 de
1005 2491 1075 2554 uno'
1093 2481 1195 2576 cupite
1219 2491 1345 2574 aparte
1367 2480 1501 2552 emen&
1524 2491 1573 2556 est
1595 2489 1681 2554 terre
1704 2482 1860 2556 heredum
1877 2483 2043 2577 wordum
2059 2487 2182 2558 domini

760 2613 844 2708 petri
865 2612 943 2702 iperi
957 2610 1006 2680 de
1029 2617 1174 2678 meum
1198 2604 1427 2700 srebsugebnm
1451 2616 1484 2678 at
1501 2607 1623 2702 signs:
1649 2619 1681 2680 et
1705 2608 1746 2680 de
1762 2609 1827 2680 elin
1841 2611 1941 2682 intere
1964 2637 1991 2682 ιι
2005 2621 2096 2708 purte
2119 2637 2175 2686 se-

760 2740 960 2840 ptemtrionis
983 2746 1032 2810 est
1055 2737 1266 2810 nerrisnetum
1282 2759 1358 2808 eum
1383 2747 1559 2810 memorate
1583 2737 1646 2808 siis
1667 2737 1752 2832 petia
1768 2739 1808 2811 de
1823 2749 2001 2812 memorate
2017 2749 2101 2812 terre
2121 2741 2179 2812 ubi

760 2879 809 2942 est
820 2869 891 2963 ipre
905 2864 1055 2938 enelen's:
1070 2873 1105 2935 et
1119 2864 1160 2936 de
1171 2863 1235 2956 riio
1245 2866 1350 2958 eapite
1363 2873 1454 2958 perte
1467 2863 1646 2935 oeeidentis
1657 2873 1803 2936 estterrs
1814 2865 1981 2936 memorati
1995 2866 2090 2936 vestri
2105 2883 2180 2934 mo·

759 2997 891 3072 nssterii
914 2994 1016 3066 uncti
1037 2994 1229 3084 sebastiani:
1256 2993 1343 3070 unde
1362 3015 1426 3088 per
1449 3017 1510 3065 ene
1534 2992 1681 3066 ehertnls
1698 2993 1950 3089 repromittimus
1965 2995 2177 3096 ethrinamus

760 3128 855 3200 vebis
875 3127 955 3221 quir
975 3125 1152 3198 ndateuus
1176 3125 1426 3220 presummimns
1449 3145 1509 3196 nus
1531 3133 1589 3196 eut
1612 3123 1785 3201 heredibus
1808 3125 1926 3196 nenia
1950 3143 2011 3196 nee
2026 3123 2176 3198 ebermm

758 3249 919 3330 lieentie'm
943 3250 1114 3350 eliquende
1137 3247 1284 3350 tempore
1315 3275 1375 3326 vos
1398 3263 1455 3336 eut
1477 3254 1614 3350 posteris
1631 3249 1758 3328 'vestris
1781 3277 1841 3328 nee
1862 3263 2042 3329 mereto
2065 3249 2170 3328 instro

758 3387 952 3458 monasterio
973 3409 1111 3480 querere
1142 3387 1186 3456 de
1213 3391 1395 3456 ιιιοιιιοιιιι
1424 3383 1550 3478 integre
1573 3377 1708 3462 eeeiesie
1731 3406 1808 3459 enm
1831 3386 1982 3460 omuibus
2004 3384 2081 3458 siri·
2095 3402 2176 3476 per-

757 3511 930 3583 tinentibus
946 3531 1005 3582 nee
1019 3509 1060 3580 de
1075 3517 1252 3580 memorate
1262 3507 1387 3602 integre
1407 3508 1493 3600 petie
1507 3508 1548 3580 de
1564 3519 1740 3581 memoratu
1758 3519 1843 3584 terra
1855 3530 1920 3606 que
1935 3511 2054 3582 ibidem
2071 3511 2171 3578 mode

756 3639 901 3712 dedimus
924 3645 961 3708 ιιι
982 3657 1080 3730 snper
1102 3633 1221 3728 iegitur
1251 3625 1311 3728 per'
1331 3635 1459 3712 nrrlinm
1482 3637 1615 3708 modum
1639 3657 1697 3704 nee
1720 3655 1777 3728 per
1799 3635 1984 3706 surmmbses
2013 3654 2172 3728 perennes

756 3787 774 3830 a
799 3781 885 3830 nene
907 3768 941 3828 et
963 3758 998 3830 ie
1021 3759 1183 3854 perpetuis
1206 3757 1423 3852 temporibus:
1446 3772 1480 3835 et
1492 3783 1551 3834 nee
1567 3780 1625 3836 ros
1640 3781 1700 3832 nee
1713 3761 1987 3856 portuensem
2010 3781 2071 3832 nee
2095 3773 2171 3832 med
2266 3739 2270 3746 ’

754 3901 882 3960 moreto
905 3889 1230 3962 reshomonnsterie
1247 3911 1319 3962 'nnn
1343 3891 1464 3962 ubertis
1488 3891 1651 3966 brendam
1675 3890 1848 3986 eiiquend'n
1862 3899 2010 3985 tempore
2033 3905 2176 3983 querere*

755 4020 928 4087 memorate
951 4013 1036 4107 petie
1059 4013 1100 4086 de
1124 4025 1301 4088 memorate
1323 4025 1408 4087 terre
1435 4037 1502 4110 qne
1525 4016 1655 4090 vendin
1677 4026 1725 4090 est
1740 4037 1797 4112 per
1820 4015 2107 4090 nullusnmodum
2130 4025 2179 4086 ιιι·

753 4162 818 4214 nen
841 4144 901 4214 ιίιι
923 4143 1018 4218 nobis
1040 4155 1080 4224 et.
1097 4153 1131 4215 at
1153 4145 1270 4219 uernis
1294 4145 1467 4218 heredibus
1500 4143 1619 4216 exinde
1652 4146 1774 4222 nnllam
1796 4145 2045 4221 damnietatem
2067 4147 2164 4218 edem

753 4277 785 4341 et
808 4270 836 4339 si
859 4270 976 4363 quebis
997 4279 1142 4366 tempore
1164 4270 1296 4348 exierit·
1315 4273 1430 4371 quavis
1456 4293 1609 4366 perennes
1636 4278 1694 4372 qui
1726 4295 1784 4347 vos
1813 4282 1868 4344 eut
1891 4263 2028 4368 pesteris
2052 4269 2163 4346 uestris

751 4390 905 4484 quesierit
927 4393 968 4464 de
990 4406 1167 4469 memorata
1190 4399 1324 4470 ecelesia
1346 4389 1425 4470 eum
1448 4400 1599 4472 omnibus
1620 4400 1683 4470 siri
1706 4397 1940 4494 pertinentibus
1959 4405 2012 4468 unt
2035 4396 2076 4468 de
2092 4415 2163 4466 me·

751 4525 876 4586 morata
898 4516 983 4610 petie
1007 4517 1046 4590 de
1067 4530 1248 4594 memorate
1272 4531 1357 4592 terre
1380 4543 1446 4616 que
1469 4520 1591 4594 ibidem
1614 4523 1760 4596 dedimus
1785 4532 1822 4594 ut
1846 4547 1941 4619 super
1965 4519 2085 4616 legitur
2109 4533 2168 4617 ‘per

749 4662 808 4712 nes
831 4651 887 4714 ent
908 4665 967 4738 per
990 4645 1106 4718 nostris
1129 4641 1300 4716 heredibus
1325 4653 1402 4722 tune
1426 4669 1486 4720 uns
1508 4655 1542 4718 et
1575 4646 1747 4718 heredibus
1770 4649 1888 4722 nostris
1913 4647 2006 4721 robis
2031 4646 2165 4722 restris·

747 4785 812 4857 que
826 4767 961 4857 pesteris
972 4777 1006 4838 et
1017 4767 1052 4842 in
1065 4776 1245 4842 memorato
1257 4775 1453 4846 monisterio
1468 4773 1542 4845 iiius
1560 4771 1677 4844 exinde
1690 4769 1829 4868 desuper
1841 4775 1955 4849 toliere
1967 4773 2157 4847 debeamus:

746 4889 843 4962 eu'sm
866 4901 899 4964 et
922 4895 1092 4968 memorati
1109 4897 1170 4967 teri
1189 4899 1335 4996 quinque
1349 4903 1443 4974 nobis
1458 4899 1522 4974 iiiis
1535 4899 1691 4976 dedistitis
1705 4911 1739 4978 et
1751 4911 1830 4996 apnt
1846 4923 1906 4975 nos
1924 4901 1990 4976 iliis
2004 4897 2159 4974 rbemurt

747 5021 778 5084 at
800 5023 909 5086 nosue
931 5023 1142 5111 potestatem:
1174 5018 1271 5090 etiam
1294 5027 1328 5092 et
1351 5045 1415 5096 ιιιιι
1439 5023 1671 5121 manuque
1695 5047 1714 5095 ι
1738 5036 1918 5097 memerato
1937 5024 2082 5121 genitori
2107 5043 2167 5095 no·
