4888 6528
1414 593 1559 702 (irre

1270 831 1753 951 'cccxxvi‘

653 1145 715 1218 Αῃ,
795 1227 799 1234 Ι
888 1126 1138 1232 †·1n'nomine
1161 1129 1286 1206 domini
1309 1151 1395 1206 rnno
1417 1129 1581 1208 meina
1603 1129 1746 1208 hortale
1767 1131 1968 1230 princinms
1996 1137 2122 1218 domiai
2148 1146 2236 1222 lan-

634 1279 742 1350 tott·
795 1259 872 1340 dolii
890 1259 1030 1360 gloriosi
1051 1257 1192 1360 principi
1214 1267 1249 1332 et
1270 1260 1515 1356 quartodecimo
1536 1281 1623 1334 runo
1645 1260 1845 1357 principatus
1859 1261 1997 1339 domini
2019 1267 2152 1361 paldclli
2167 1272 2230 1348 ilii

795 1386 866 1461 eins
889 1408 999 1460 mense
1032 1384 1211 1460 november
1242 1383 1379 1458 hoctuua
1409 1382 1583 1458 indictione
1610 1385 1753 1482 ideoque
1773 1405 1837 1458 nos
1861 1385 1874 1456 i
1902 1409 2016 1464 sumus
2036 1389 2168 1466 dodtto.
2195 1407 2229 1470 et

790 1513 936 1610 ,modolfo
956 1491 1027 1614 fill
1039 1507 1207 1608 qnondam
1228 1505 1349 1580 dodati.
1372 1507 1432 1604 qni
1452 1528 1566 1582 summ
1585 1518 1829 1584 commorantes
1852 1507 1889 1582 in
1904 1509 2037 1586 ciiritrte
2050 1525 2226 1610 mputmr-

795 1637 860 1709 rini
884 1633 1081 1708 declaramus
1103 1651 1165 1705 nos
1183 1628 1305 1722 mtrem
1327 1627 1425 1701 rebus
1447 1636 1481 1702 et
1505 1637 1592 1724 tarrr
1614 1651 1719 1704 vauro
1740 1639 1777 1704 et
1798 1631 1917 1718 nneis
1937 1642 1974 1707 et
1988 1636 2096 1728 pomis
2108 1637 2225 1712 duest·

796 1761 873 1850 teris
896 1769 930 1834 et
951 1759 1168 1864 mlructifmos
1188 1758 1333 1832 arbores.
1358 1767 1391 1832 et
1413 1767 1486 1832 ortu
1501 1759 1536 1834 in
1551 1760 1662 1835 loom
1677 1761 1738 1858 qni
1752 1769 1893 1838 roratur
1907 1765 2108 1841 earrcerelle.
2125 1789 2225 1864 prope

797 1891 870 1982 ipsa
890 1885 1025 1972 eibitete
1042 1885 1264 1988 cnpntmrrini.
1287 1885 1345 1958 nbi
1369 1887 1516 1962 edificata
1547 1896 1647 1985 atqua
1675 1887 1819 1962 dedicata
1848 1911 1917 1966 esse
1941 1891 2069 1966 uidetur
2091 1895 2225 1968 ecclesia

799 2012 840 2086 ad
862 2009 1022 2084 honorem
1045 2010 1098 2084 dei
1120 2018 1154 2084 et
1174 2009 1334 2094 vocabulo
1357 2009 1444 2086 beati
1466 2011 1597 2086 martini
1619 2011 1818 2086 confessoris
1843 2035 1919 2088 curn
1943 2013 2045 2086 libris.
2067 2022 2101 2086 et
2114 2037 2225 2086 orna-

800 2140 919 2214 mentis
942 2139 1089 2225 eiusdom
1110 2137 1254 2212 ecclesie
1275 2147 1308 2212 et
1333 2161 1410 2214 cnm
1432 2137 1514 2213 casis
1529 2146 1571 2210 et
1583 2137 1671 2212 cellis
1685 2137 1830 2215 edificate
1845 2146 1944 2234 atque
1958 2137 2078 2214 ibidem
2095 2139 2135 2212 cd
2150 2138 2219 2212 he-

801 2265 1088 2340 dificandum-esse
1110 2266 1271 2342 uidentur.
1290 2273 1365 2364 tota
1385 2274 1421 2337 et
1443 2265 1554 2338 inolita
1575 2265 1705 2336 tertium
1724 2275 1850 2360 partem
1878 2287 1921 2338 en
1936 2265 2095 2362 -prodicsc
2112 2265 2219 2340 rebus

801 2403 835 2465 et
858 2417 901 2468 ex
923 2393 1066 2490 predicte
1090 2395 1232 2467 ecclesia.
1257 2401 1290 2465 el
1312 2415 1390 2466 cnm
1404 2393 1555 2467 omnibns
1569 2394 1769 2492 pertinentiis
1783 2371 1839 2469 rel
1852 2393 2059 2508 subiacentiis
2077 2394 2222 2468 eiusdem

797 2523 948 2596 ecclesio.
978 2530 1012 2596 et
1033 2522 1232 2600 declaramus
1254 2543 1314 2594 nos
1337 2521 1459 2596 hahere
1480 2545 1546 2598 nna
1569 2524 1718 2620 petis-de
1740 2524 1906 2598 sineret
1917 2532 2005 2596 terra
2029 2543 2132 2600 vacua
2154 2545 2221 2598 nno

801 2645 944 2720 leniente
967 2669 1034 2744 que
1057 2656 1106 2720 est
1130 2646 1260 2744 propris
1283 2657 1402 2720 nostra.
1425 2669 1529 2744 prope
1545 2647 1614 2743 ipse
1628 2646 1779 2720 iamdicta
1792 2647 1932 2736 coclerio
1949 2650 2130 2746 pertinente
2154 2672 2220 2722 no-

801 2771 854 2844 ble
878 2797 896 2844 a
919 2773 1106 2868 supradicto
1130 2773 1279 2868 genitore
1302 2781 1425 2849 nostro.
1449 2775 1546 2846 Nunc
1570 2771 1861 2868 ruternoompnlsi
1882 2797 1995 2850 sumus
2029 2776 2139 2852 diuino
2171 2779 2227 2848 dei

803 2899 1034 2993 omnipotentie
1072 2898 1294 2978 misericordia
1332 2922 1396 2995 pro
1431 2897 1570 2977 sulutem
1607 2908 1641 2974 et
1676 2899 1876 2976 cedentium
1905 2900 2013 2977 seinse
2043 2911 2161 2972 nostre.
2193 2913 2229 2972 et

804 3024 911 3096 anima
943 3023 1081 3120 predicti
1103 3025 1212 3100 dotat
1235 3027 1376 3122 genitori
1399 3035 1521 3102 nostro
1554 3037 1588 3104 el
1611 3028 1719 3104 aalma
1741 3027 1875 3108 iohanni
1896 3027 2050 3136 diaconus
2071 3027 2130 3126 qui
2163 3027 2231 3100 fuit

803 3173 961 3250 germano
995 3161 1110 3228 nostro
1146 3155 1218 3252 ipsa
1250 3155 1402 3248 iamdicta
1433 3157 1563 3233 tertiam
1593 3163 1718 3252 porum
1740 3157 1782 3234 de
1804 3157 1946 3251 predicto
1968 3155 2110 3230 ecclesie·
2127 3153 2229 3225 sancti

799 3285 935 3359 nutri
958 3284 1154 3361 rorubnlnm
1177 3307 1254 3358 cum
1277 3293 1345 3357 tota
1365 3285 1461 3358 tertia
1485 3293 1578 3381 parte
1608 3285 1650 3358 de
1672 3285 1767 3358 libris
1791 3293 1824 3357 et
1846 3283 2056 3359 ornamentis.
2085 3293 2119 3359 et
2142 3283 2223 3358 casis

802 3419 837 3485 et
859 3413 950 3486 cellis
975 3413 1120 3488 edificate
1142 3433 1201 3486 seu
1225 3433 1290 3508 qne
1313 3411 1355 3486 ad
1378 3411 1616 3488 hedificandum
1640 3433 1709 3484 esse
1733 3409 1886 3484 ridentur
1910 3417 1943 3482 et
1965 3431 2040 3482 cunr
2065 3416 2133 3480 tote
2156 3409 2224 3502 ipse

803 3537 904 3610 rebus
926 3546 963 3614 et,
980 3539 1079 3610 terris
1102 3547 1136 3612 et
1158 3539 1264 3614 vineis
1290 3547 1322 3612 et
1345 3538 1427 3612 ortis
1450 3547 1584 3612 etcum
1608 3539 1778 3612 arboribus
1807 3539 1982 3614 fructiferis
2005 3545 2038 3609 el
2063 3537 2219 3608 infructi-

802 3657 882 3732 feris
905 3667 939 3729 ot
962 3681 1039 3731 cum
1063 3659 1198 3733 inferius
1220 3664 1369 3758 superins
1394 3661 1539 3736 eiusdem
1563 3661 1697 3735 ecclesie
1720 3673 1754 3735 et
1776 3687 1819 3736 ex
1835 3661 1985 3758 predictis
2001 3661 2096 3734 rebus
2112 3684 2222 3757 quan-

801 3799 877 3862 tum
901 3784 994 3858 nobis
1017 3787 1133 3860 exinde
1156 3790 1295 3884 pertinet
1317 3793 1473 3864 donamus
1497 3797 1532 3861 et
1554 3787 1711 3862 tradimus
1735 3796 1833 3884 atqne
1854 3789 2019 3860 offerimus
2036 3787 2071 3859 in
2087 3787 2220 3860 ecclesis

807 3933 874 4006 que
898 3919 947 3984 est
974 3913 1171 3985 monasterio
1194 3915 1393 3987 vocabulum
1417 3912 1519 3986 sancti
1543 3912 1661 3986 nicolai
1685 3937 1750 4008 que
1776 3911 1946 3986 fundatum
1976 3922 2025 3984 est
2048 3912 2085 3984 in
2108 3912 2226 3984 linibus

805 4039 948 4116 ,cibitntis
967 4041 1186 4138 caputmarini
1211 4067 1312 4138 prope
1336 4043 1408 4138 ipso
1439 4041 1545 4116 fluvio
1576 4043 1617 4115 de
1648 4041 1788 4137 sapione.
1819 4065 1883 4137 que
1905 4041 2009 4114 adam
2035 4039 2233 4114 uenerabilis

803 4169 907 4240 obbas
927 4194 950 4241 a
973 4169 1060 4242 nobe
1082 4170 1266 4251 fundamine
1291 4171 1483 4242 construxit.
1507 4173 1562 4241 Set
1585 4169 1751 4240 audientes
1768 4167 1842 4239 illul
1857 4175 1968 4262 rogata
1985 4167 2144 4262 genitrice
2161 4189 2230 4237 no-

809 4303 875 4363 stra
898 4315 964 4388 que
988 4317 1085 4392 supra
1104 4297 1255 4390 *germani
1275 4305 1312 4365 et
1335 4317 1408 4364 ecre
1434 4315 1519 4365 uxor
1542 4315 1614 4367 mes
1637 4296 1696 4391 qui
1719 4317 1816 4388 snpra
1839 4291 1948 4366 dodati
1972 4291 2064 4366 valde
2087 4312 2146 4362 nos
2163 4292 2236 4361 ob-

808 4439 937 4491 secrare
960 4423 1046 4516 cepit
1070 4433 1106 4494 ut
1128 4422 1284 4519 quartelle
1307 4421 1440 4494 iliorum
1463 4421 1554 4518 quod
1577 4421 1651 4494 inde
1676 4431 1866 4516 perceptum
1890 4430 1964 4495 sunt
1978 4441 2040 4492 unu
2054 4417 2233 4492 nobiscum

809 4542 931 4616 donare
954 4552 988 4618 et
1007 4545 1136 4617 tradere
1160 4555 1257 4640 etque
1280 4544 1408 4616 offerire
1431 4543 1523 4616 illam
1546 4543 1581 4614 in
1604 4541 1740 4614 ecclesis
1763 4565 1828 4637 que
1844 4550 1892 4612 est
1909 4543 2104 4614 monasterio
2120 4563 2229 4616 uoca-

808 4664 926 4739 -bulum
949 4668 1051 4740 sancti
1075 4667 1203 4740 nicolai.
1229 4691 1287 4738 nos
1311 4677 1422 4740 aulem
1454 4687 1565 4759 preces
1595 4663 1728 4736 illorum
1751 4661 1891 4757 henigne
1917 4663 2110 4736 audivimus.
2134 4687 2226 4758 qua-

811 4801 982 4886 propteren
1005 4819 1066 4868 nos
1089 4799 1211 4892 prefate
1234 4795 1364 4868 mulieri
1388 4801 1499 4888 rogata
1522 4801 1556 4863 et
1579 4813 1654 4865 acra
1676 4814 1775 4886 qnam
1798 4801 1832 4862 et
1855 4815 1914 4864 nos
1931 4793 2090 4866 nominati
2111 4792 2230 4864 dodnto

812 4925 849 4990 et
871 4915 1011 4991 landolfo
1033 4920 1093 4992 filii
1117 4931 1150 4992 et
1168 4921 1339 4990 mundoclt
1363 4921 1432 4990 mnus
1455 4941 1521 5013 que
1544 4941 1642 5012 supra
1665 4929 1788 5012 rogata.
1813 4925 1847 4984 et
1869 4939 1932 5010 ego
1956 4919 2075 4994 dodato
2098 4917 2170 4988 viro
2195 4927 2229 4986 ct

810 5040 982 5118 munierit
1013 5041 1083 5115 eius
1115 5064 1181 5136 que
1212 5065 1310 5138 supra
1343 5065 1426 5115 aere
1450 5043 1525 5114 ldeo
1548 5041 1629 5116 dum
1660 5042 1722 5114 hoc
1746 5065 1930 5139 congruum
1954 5055 2004 5118 est
2024 5045 2118 5128 nobis
2142 5045 2228 5118 bona
