4896 6522
915 583 930 680 i
953 591 998 656 ⁶⁹
1021 582 1035 682 i
1067 677 1069 684 ,

268 751 307 824 nd
329 765 456 846 possum
478 747 621 820 ferreum
642 751 749 816 senes
772 740 974 837 neepoiitone
996 739 1129 814 ecclesie
1151 759 1211 814 scu
1225 747 1260 810 ot
1274 735 1336 808 elic
1353 735 1419 808 due
1443 729 1601 822 cuntionis
1617 748 1680 797 nne

267 895 345 949 vcro
359 871 577 946 continentem
599 868 672 940 nuri
689 866 752 940 teri
774 863 886 938 decem
909 873 941 937 ct
963 865 1076 938 vinum
1103 864 1241 936 bornees
1264 863 1362 934 hocto
1384 879 1484 955 quem
1507 857 1584 928 iecit
1606 876 1681 926 me-

266 1010 391 1070 moreto
401 995 540 1070 ichonnc
554 989 697 1066 omerio
707 988 831 1086 iugules
841 996 875 1060 et
888 986 1040 1062 iamdicto
1054 988 1148 1061 icone
1160 987 1336 1064 cecemoitc
1350 982 1549 1081 genitoribus
1565 987 1597 1050 et
1612 978 1681 1052 filio

266 1125 306 1197 nd
330 1121 494 1218 quondum
517 1118 667 1214 quietum
689 1114 758 1188 titio
781 1113 947 1209 quondum
969 1112 1102 1185 iohenni
1125 1113 1165 1185 de
1188 1113 1296 1184 ultunu
1322 1122 1356 1183 ct
1370 1122 1403 1183 et
1424 1109 1586 1207 quondum
1609 1127 1679 1178 mo·

264 1245 314 1318 rie
336 1244 461 1339 iugdes
483 1241 546 1316 elin
568 1263 650 1314 vero
674 1237 825 1320 cautione
856 1237 945 1334 quod
973 1245 1022 1310 est
1049 1246 1176 1332 cupsctu
1207 1256 1305 1333 quem
1337 1237 1481 1308 imment
1511 1232 1680 1308 memorati

264 1367 420 1442 iohennes
442 1375 476 1440 et
498 1363 648 1438 iamdicto
671 1362 773 1434 merie
795 1361 920 1454 iugules
942 1383 1008 1432 une
1030 1383 1107 1434 cum
1128 1370 1308 1434 memorato
1339 1359 1434 1433 leone
1466 1359 1506 1432 ed
1536 1359 1674 1430 iohanne

264 1491 464 1587 negotium
496 1487 556 1583 qui
579 1483 763 1558 nominetur
786 1481 827 1553 de
860 1480 994 1554 domino
1027 1483 1141 1554 ubhnte
1175 1484 1217 1555 de
1248 1493 1394 1556 sunctum
1418 1483 1601 1556 schemnum
1630 1486 1682 1578 pi-

264 1621 353 1694 ctutn
376 1619 416 1690 de
439 1615 510 1688 euri
532 1613 595 1686 uri
616 1611 733 1706 viginti
756 1607 814 1684 dui
837 1619 871 1682 et
891 1608 1006 1684 binum
1037 1609 1157 1684 hornus
1186 1609 1303 1704 viginti
1328 1609 1423 1686 sicuti
1456 1619 1489 1682 et
1511 1614 1680 1706 quomodo

262 1748 332 1844 ipsu
354 1743 497 1820 cherub
520 1739 767 1835 comparationis
789 1761 863 1812 mec
892 1762 957 1818 um
989 1761 1065 1814 cum
1096 1739 1248 1814 iamdicto
1276 1738 1417 1812 meriscis
1449 1737 1615 1810 divisionis
1646 1751 1680 1812 et

263 1881 441 1948 memorate
464 1871 622 1944 cuntionis
648 1869 681 1940 in
705 1869 854 1942 omnihus
869 1869 1034 1942 confinem
1051 1869 1180 1942 videtur
1193 1889 1274 1964 quus
1290 1888 1354 1960 ego
1369 1864 1573 1960 impresentis
1588 1869 1677 1962 opud

262 1999 322 2070 hos
343 1995 453 2070 remisi
479 2015 540 2090 pro
561 2001 669 2064 vestm
692 1991 913 2090 heredumque
935 2001 1119 2066 vestrorum
1151 1991 1393 2066 detonsionem:
1419 1992 1470 2063 De
1500 2013 1565 2088 que
1598 1994 1683 2067 nibii

263 2121 345 2194 mihi
367 2118 483 2192 exinde
506 2114 638 2212 eliquod
662 2116 814 2188 remansit
838 2125 895 2188 eut
916 2115 1080 2188 reserhevi
1104 2139 1163 2190 nec
1178 2117 1214 2188 in
1237 2117 1338 2190 eliens
1362 2116 1519 2214 cuiusque
1543 2140 1679 2212 persone

263 2245 352 2343 quod
375 2242 458 2316 ebeit
480 2241 629 2314 commisi
652 2251 708 2313 out
731 2240 796 2312 iem
819 2239 994 2312 commicto
1016 2248 1207 2334 potcsmtem
1230 2249 1321 2314 sete
1349 2263 1436 2314 nunc
1464 2249 1497 2314 ct
1526 2239 1679 2342 deinceps

265 2393 283 2439 n
306 2390 359 2442 me
382 2365 476 2440 vohis
498 2367 542 2438 sit
562 2366 775 2440 venumdatus
807 2373 840 2438 et
862 2363 996 2436 traditos
1018 2363 1052 2434 in
1075 2373 1182 2436 vestre
1206 2365 1385 2461 vestrisque
1408 2366 1580 2444 heredibus
1610 2373 1675 2446 sint

263 2502 456 2590 potestatem
478 2513 607 2588 queque
629 2491 747 2567 exinde
769 2493 876 2565 iacere
898 2489 1067 2566 volueritis
1090 2511 1217 2585 semper
1231 2489 1369 2565 livorum
1384 2493 1500 2567 exinde
1515 2496 1549 2566 in
1564 2498 1676 2570 omni-

263 2623 326 2694 hus
350 2617 472 2692 eventis
495 2625 694 2712 potestatem.
719 2625 880 2712 etncque
902 2639 921 2687 n
944 2623 1201 2690 mememorato
1228 2613 1369 2686 iohanne
1403 2635 1509 2710 neque
1544 2641 1563 2688 a
1596 2621 1677 2695 meis

262 2747 435 2820 heredibus
456 2743 548 2818 nulio
570 2754 719 2840 temporo
740 2765 920 2840 numquam
943 2743 1002 2816 hos
1023 2741 1210 2816 memoretis
1232 2739 1355 2837 iugules
1378 2749 1435 2814 rut
1457 2741 1593 2819 heredes
1613 2767 1677 2820 ve-

262 2875 335 2944 stris
359 2871 448 2966 quod
471 2869 553 2944 obsit
576 2871 696 2944 eventis
719 2871 836 2944 exinde
853 2871 1026 2967 aliquunde
1039 2891 1247 2965 quecumque
1263 2868 1513 2965 requesitionem
1528 2879 1585 2946 eut
1599 2894 1672 2948 mo-

262 2995 385 3068 lestiam
409 3016 467 3088 per
490 2983 613 3068 nntium
637 2997 772 3066 modum
795 3015 856 3066 nec
877 3017 937 3090 per
959 2993 1143 3066 summissus
1165 3015 1317 3090 personas
1340 3019 1359 3064 n
1382 3017 1470 3069 nunc
1499 3009 1531 3069 et
1553 2999 1674 3094 imper·

260 3123 368 3217 petuis
390 3121 599 3212 temporibus.
622 3121 756 3213 insuper
781 3121 894 3192 homni
917 3129 1095 3215 temporem
1119 3143 1183 3215 ego
1206 3131 1239 3193 et
1258 3121 1391 3196 heredes
1406 3125 1488 3197 meis
1505 3127 1546 3197 uh
1560 3149 1673 3200 omnes
1767 3203 1769 3208 ,

261 3251 387 3320 omines
419 3245 574 3340 omnique
601 3267 738 3339 persone
769 3245 862 3320 vobis
895 3249 1075 3344 veenisque
1102 3247 1274 3322 heredibus
1304 3247 1422 3326 exinde
1453 3249 1487 3322 in
1523 3249 1673 3326 omnibus

262 3381 450 3448 sumerem
474 3380 507 3444 et
530 3371 690 3444 diieumro
712 3369 885 3444 debeamus
907 3370 1131 3445 bostendcntes
1158 3371 1218 3446 hos
1240 3373 1428 3448 etheredus
1451 3376 1564 3448 vestris
1591 3376 1674 3452 mibi

261 3498 408 3590 meisque
430 3491 602 3564 heredibus
625 3502 803 3565 memorem
825 3491 972 3566 mortue
995 3495 1244 3590 compotationis
1264 3519 1318 3570 me
1338 3521 1416 3571 cum
1430 3499 1581 3575 iamdicta
1595 3525 1674 3577 me-

259 3623 334 3694 riui
355 3617 521 3694 divisionis
543 3639 615 3690 mee
639 3625 673 3691 ot
695 3637 771 3692 cum
795 3619 879 3713 ipsus
902 3619 981 3694 durs
1005 3621 1165 3694 muttonis
1189 3644 1254 3695 nnn
1276 3645 1357 3695 vero
1380 3649 1423 3700 ex
1439 3651 1477 3701 cu
1492 3639 1618 3725 cupsntn
1639 3637 1676 3701 et

261 3751 307 3821 sic
329 3747 422 3820 vohis
444 3744 625 3842 vestrisque
648 3744 821 3819 heredibus
844 3745 961 3822 exinde
985 3749 1021 3821 in
1046 3747 1198 3824 omnibus
1221 3758 1414 3826 antestemm
1442 3767 1480 3830 ‘et
1511 3760 1675 3836 defensore

260 3879 431 3951 devermus
462 3877 531 3950 sine
560 3875 650 3948 omni
682 3883 789 3948 vestm
821 3873 1046 3975 heredumque
1072 3888 1256 3955 vestrorum
1282 3883 1425 3979 quelibet
1448 3887 1673 3964 damnietatem

258 4005 383 4077 nullom
406 4004 524 4078 exinde
553 4003 665 4078 dentes
696 4001 954 4078 hoccumionem.
989 4030 1051 4103 pro
1083 4031 1124 4081 eo
1157 4010 1247 4105 quod
1263 4069 1265 4072 .
1281 4011 1484 4106 impresentie
1516 4016 1622 4112 occepi
1655 4041 1675 4086 a

257 4130 352 4201 vohis
375 4127 492 4200 exinde
516 4127 597 4200 idest
621 4127 692 4199 nuri
716 4128 835 4201 solidos
867 4130 1079 4226 quodraginta
1110 4143 1233 4228 septem
1262 4133 1303 4207 de
1332 4136 1393 4208 turi
1418 4159 1478 4210 ono
1511 4139 1673 4237 qnsdtuor
1714 4230 1716 4234 .

258 4255 321 4324 teri
346 4274 406 4348 per
427 4251 547 4324 solidos
569 4251 604 4322 in
627 4273 757 4322 omnem
781 4252 942 4325 decisione
966 4279 1024 4328 sen
1047 4257 1322 4335 deliberationem.
1338 4261 1424 4346 Quin
1442 4262 1487 4334 iu
1503 4264 1589 4337 inter
1603 4287 1674 4339 no-
1796 4255 1804 4272 ”

258 4381 309 4448 vis
332 4376 418 4450 stetit
442 4385 475 4446 et
497 4373 712 4467 complacuit:
746 4373 780 4444 si
813 4385 922 4446 eutem
945 4399 1008 4470 ego
1032 4390 1088 4451 unt
1110 4381 1244 4455 heredes
1267 4385 1347 4458 meis
1379 4388 1497 4484 quovis
1524 4401 1670 4486 tempore

113 4517 129 4540 ⁴
258 4511 370 4572 contre
394 4499 479 4570 hunc
502 4495 680 4569 chartulam
703 4494 898 4569 venditionis
922 4509 960 4572 ut
982 4520 1079 4594 super
1101 4503 1220 4598 legitur
1254 4506 1367 4582 henim
1397 4513 1667 4606 presumserimut

257 4635 290 4696 et
312 4624 347 4697 in
373 4622 489 4718 eliquit
511 4618 663 4694 boh'ensis
687 4621 842 4692 fuerimus
865 4643 924 4717 per
947 4624 1065 4718 quovis
1087 4625 1220 4700 modum
1244 4641 1300 4704 cut
1321 4633 1498 4706 somissis
1527 4639 1672 4729 personis

256 4761 334 4820 tunc
356 4747 581 4862 componimus
606 4743 699 4815 vobis
722 4745 900 4842 vestrisque
924 4745 1095 4848 heredibus
1118 4752 1190 4824 emi
1205 4755 1324 4828 solidos
1339 4759 1512 4854 nonaginta
1528 4783 1586 4835 sex
1601 4761 1672 4858 hy-

255 4873 424 4946 thienteos.
450 4883 483 4942 et
505 4871 567 4943 hcc
589 4868 735 4944 chtvtulu
758 4869 950 4946 venditionis
975 4885 1012 4944 ut
1029 4895 1126 4971 super
1150 4877 1270 4974 legitur
1293 4880 1336 4954 sit
1357 4880 1450 4956 btma
1469 4883 1585 4983 scripte
1610 4909 1670 4982 per
