4896 6522
1408 509 1529 610 (⁷⁶)

756 687 942 767 mmmm
973 683 1108 758 mandra
1140 678 1297 778 gentinla.
1323 671 1499 748 etaloris
1527 668 1598 763 ipro
1631 663 1704 736 ribo
1735 661 1794 758 qui
1828 661 2015 734 nominatur
2045 667 2179 740 mandra

757 811 903 914 genlide
933 817 1009 882 eunt
1039 805 1181 878 coniolaa
1214 793 1385 870 memorati
1416 790 1517 862 nostri
1548 783 1735 857 monasterii
1762 784 1865 855 saneti
1889 783 2059 858 salbatorie
2081 786 2206 862 sicuti·

754 963 839 1034 aqna
863 931 1015 1008 cxfinad:
1046 929 1087 1000 da
1115 923 1255 1000 secunde
1278 941 1357 994 vero
1379 926 1470 1011 parto
1493 921 1542 984 eet
1564 919 1674 982 monte
1698 917 1732 980 ct
1753 907 1844 980 silbie
1868 919 2049 982 memorata
2071 923 2178 986 uncta

752 1075 862 1138 nostre
903 1055 1106 1152 neapolitana
1137 1047 1281 1125 ecclesie.
1305 1041 1404 1141 ¹eicnti
1435 1039 1520 1113 inter
1551 1061 1587 1110 ee
1609 1033 1771 1132 qundtuor
1799 1035 1954 1110 termines
1978 1060 2175 1114 marmoreae

756 1187 896 1264 liniendo
919 1181 1105 1278 pomimne:
1139 1175 1312 1268 incipiente
1334 1171 1375 1244 de
1398 1169 1501 1264 eapite
1524 1168 1565 1240 de
1587 1163 1659 1260 ipeo
1683 1161 1757 1236 ribo
1780 1161 1839 1258 qni
1866 1163 2051 1239 nominetur
2077 1189 2176 1238 man·

755 1317 813 1389 dra
829 1307 970 1408 gentiula
993 1302 1087 1378 sicuti
1110 1323 1195 1396 nque
1217 1297 1338 1370 exlicat
1353 1305 1386 1369 et
1404 1291 1571 1392 quomodo
1593 1289 1666 1364 salit
1682 1298 1714 1361 ct
1728 1287 1868 1362 revolbit
1888 1284 1928 1363 da
1944 1291 2036 1364 illum
2057 1291 2177 1366 iectnm

755 1448 788 1510 et
811 1437 851 1509 da
874 1434 980 1529 ipsum
1011 1428 1133 1504 iectum
1147 1503 1150 1509 ,
1163 1423 1331 1521 quomodo
1358 1420 1449 1495 bedit
1470 1420 1506 1492 in
1528 1417 1636 1516 primo
1658 1415 1794 1490 termine
1817 1437 1918 1512 quem
1941 1416 2075 1492 liximne
2114 1439 2179 1491 nou

756 1565 852 1658 longe
875 1560 914 1632 du
938 1555 994 1628 illa
1017 1575 1137 1650 oerqne
1159 1549 1219 1648 qui
1241 1549 1361 1622 dicitur
1384 1545 1550 1642 plumbata
1573 1553 1607 1616 et
1629 1542 1670 1616 da
1693 1539 1765 1636 ipeo
1788 1541 1896 1635 primo
1928 1541 2065 1613 termine
2088 1565 2180 1638 quo·

757 1689 856 1770 modo
879 1685 967 1758 badit
989 1705 1048 1778 per
1070 1679 1250 1753 treberenm
1276 1675 1311 1750 in
1339 1675 1482 1750 secundo
1511 1679 1545 1746 ct
1574 1669 1672 1744 tertio
1704 1691 1762 1741 een
1794 1677 1911 1765 quarto
1943 1669 2081 1740 tormine
2116 1693 2179 1766 que

758 1816 890 1891 fiximus
913 1813 996 1884 ina
1018 1809 1072 1881 via
1095 1808 1155 1904 qni
1177 1804 1283 1901 pergit
1305 1829 1325 1874 a
1347 1809 1527 1875 memorato
1543 1782 1736 1875 monasterio
1751 1805 1861 1868 noetro
1878 1797 1978 1870 sancti
1993 1775 2175 1872 salvatorio:

760 1969 778 2014 a
802 1940 894 2013 tertia
926 1959 1004 2010 uero
1035 1943 1126 2030 parte
1156 1930 1331 2026 incipiente
1363 1929 1405 2002 da
1427 1927 1501 2024 ipro
1525 1935 1643 2026 quarto
1664 1925 1801 1999 termine
1824 1924 1884 2022 qni
1909 1933 1958 1998 cst
1981 1923 2072 1999 lictna
2095 1927 2179 1999 iuetn

758 2068 935 2138 memorata
957 2058 1012 2132 uin
1034 2067 1068 2128 et
1090 2053 1227 2152 qualiter
1250 2051 1414 2126 descendit
1437 2073 1496 2147 per
1517 2051 1587 2146 ipen
1610 2049 1664 2126 via
1687 2049 1722 2121 in
1745 2057 1844 2144 capnt
1866 2046 1908 2120 de
1934 2047 2007 2118 ribo
2029 2048 2089 2144 qui
2111 2071 2179 2120 no·

759 2192 901 2264 minatur
924 2187 964 2260 dc
986 2183 1041 2256 ille
1063 2193 1183 2256 sancte.
1208 2191 1243 2256 et
1265 2207 1285 2253 a
1307 2183 1388 2255 loris
1411 2179 1524 2254 eedem
1547 2177 1601 2254 vin
1624 2187 1673 2252 eet
1696 2176 1825 2274 scapula
1843 2184 1877 2250 et
1897 2175 1978 2248 eilba
2001 2175 2042 2249 de
2065 2197 2179 2250 mona·

753 2318 858 2391 aterio
889 2323 1000 2390 nostro
1030 2314 1132 2386 sancti
1163 2312 1347 2409 archangeli
1368 2314 1468 2387 eitum
1492 2305 1527 2380 in
1553 2305 1668 2380 eodem
1690 2317 1801 2382 monte
1823 2306 1965 2380 beeubeo
1988 2315 2022 2380 et
2060 2303 2181 2379 eloris

761 2437 873 2512 eadem
895 2435 1023 2532 ecepnle
1045 2443 1078 2506 et
1099 2435 1177 2508 silbe
1202 2435 1371 2508 memorati
1386 2435 1488 2508 noetri
1515 2433 1701 2508 monasterii
1716 2432 1818 2506 eructi
1833 2429 2021 2526 archangeli
2037 2439 2086 2504 eet
2099 2429 2179 2504 ailbe

761 2566 794 2634 et
815 2565 925 2629 monte
948 2565 1123 2628 memorata
1144 2566 1253 2630 sancta
1274 2563 1383 2630 nostra
1405 2557 1609 2654 neapolitana
1631 2554 1786 2630 eccleciae
1813 2559 1901 2632 etde
1922 2555 2027 2650 cupite
2055 2555 2095 2628 de
2111 2557 2181 2652 ipso

761 2681 834 2756 ribo
855 2681 914 2780 qni
936 2678 1121 2758 nominetur
1152 2682 1193 2755 da
1222 2680 1277 2754 illa
1306 2691 1416 2758 sancta
1444 2682 1611 2782 quomodo
1637 2682 1803 2758 descendit
1826 2681 1862 2754 in
1885 2707 1926 2758 eo
1950 2684 2091 2758 liniendo
2124 2709 2183 2780 per
2292 2763 2294 2767 ,

760 2813 867 2909 iprum
892 2810 1000 2884 ribnm
1023 2809 1116 2884 sicuti
1139 2833 1223 2908 aque
1245 2814 1388 2888 exfinat:
1421 2822 1579 2910 eqnerta
1602 2833 1682 2888 vero
1708 2820 1800 2906 parte
1821 2809 1858 2883 in
1882 2813 1974 2910 pede.
2008 2813 2049 2885 de
2073 2791 2187 2908 ipenm‘

761 2950 873 3016 monte
894 2942 1038 3016 bmtrum
1060 2952 1136 3014 eunt
1159 2941 1252 3014 terrie
1274 2941 1567 3016 memorativeatri
1590 2937 1778 3014 monmterii
1800 2943 1900 3014 cuncti
1915 2938 2103 3014 sebastiani:
2133 2948 2184 3015 set

762 3067 849 3142 intua
871 3065 931 3141 bec
954 3066 1026 3140 linia
1047 3078 1123 3143 eunt
1145 3068 1198 3139 uie
1221 3065 1280 3164 qui
1302 3067 1408 3164 pergit
1430 3075 1464 3140 et
1486 3079 1666 3172 memorata
1686 3067 1880 3144 monasteria
1895 3073 2003 3140 noenu
2016 3073 2050 3137 et
2062 3074 2096 3140 at
2121 3065 2183 3138 elia

763 3193 953 3266 monmteria
977 3201 1086 3267 nostra
1108 3217 1174 3290 qne
1196 3191 1328 3282 abemus
1351 3195 1387 3270 in
1408 3205 1626 3268 memoratum
1648 3200 1758 3266 monte
1776 3191 1874 3270 eimnl
1897 3201 1930 3268 et
1952 3201 1986 3266 at
2015 3212 2182 3267 memore-

764 3323 834 3388 tum
855 3328 965 3392 monte
989 3327 1023 3392 et
1044 3319 1125 3392 ailbe
1148 3329 1273 3392 nostre:
1297 3321 1384 3395 unde
1405 3322 1531 3396 diecret
1553 3344 1628 3416 pare
1661 3327 1771 3395 nostra
1800 3320 1953 3394 aduersus
1974 3341 2034 3392 voe
2048 3317 2184 3416 quiade

764 3449 981 3518 memoratum
1003 3454 1113 3520 monte
1137 3457 1170 3520 ct
1192 3449 1233 3522 de
1255 3447 1442 3521 memoretis
1465 3444 1559 3520 terrie
1582 3447 1721 3546 qualiter
1749 3449 1897 3544 nummus
1921 3445 1994 3520 illoc
2018 3467 2077 3541 per
2100 3447 2185 3542 iprae

765 3571 845 3642 lines
868 3581 900 3642 et
922 3593 981 3664 per
996 3571 1083 3666 ipeoe
1106 3573 1257 3646 termines
1282 3573 1548 3670 exegregerimue
1571 3575 1709 3671 qmliter
1730 3574 1880 3670 ruperint
1898 3573 2019 3672 legitur
2037 3595 2080 3646 ex
2094 3585 2186 3670 parte

766 3699 884 3772 exinde
906 3709 956 3774 eet
978 3699 1017 3774 de
1041 3712 1219 3774 memorate
1233 3709 1351 3774 nancta
1370 3711 1479 3776 noetra
1494 3703 1695 3800 neapolitana
1710 3703 1843 3778 ecclesia
1858 3711 1891 3776 et
1904 3725 1947 3776 ex
1960 3712 2051 3798 pmte
2065 3701 2185 3775 exinde

660 3914 663 3920 Ι
768 3833 816 3897 cet
839 3827 880 3900 dc
902 3837 1081 3902 memorato
1095 3831 1291 3904 monasterio
1306 3839 1417 3904 noatro
1432 3839 1540 3904 nancte
1555 3831 1658 3904 marie
1673 3831 1731 3929 qui
1745 3831 1934 3904 nominatur
1950 3838 1983 3900 at
2000 3827 2057 3902 ille
2072 3836 2161 3902 turre
2176 3849 2187 3896 t

768 3951 917 4026 volumus
941 3955 986 4026 ud
1007 3953 1159 4028 abenma
1183 3955 1276 4030 nobie
1299 3955 1374 4030 illoe
1398 3955 1495 4031 aienti
1518 3943 1559 4030 de
1579 3963 1675 4030 antea
1697 3953 1771 4028 illos
1787 3955 1936 4028 ebrnimne
1951 3962 1984 4025 ct
2000 3953 2186 4027 tennimne:

767 4103 840 4173 pem
863 4093 971 4156 antem
996 4093 1100 4156 reema
1122 4086 1281 4180 replicem
1304 4087 1413 4157 dicens
1437 4085 1519 4157 abeit
1535 4092 1572 4156 ut
1585 4085 1650 4157 rint
1665 4083 1731 4156 ita:
1757 4092 1806 4156 eet
1823 4083 1975 4156 dicebatis
2000 4083 2045 4156 ud
2062 4081 2097 4154 in
2112 4103 2189 4160 me-

768 4215 930 4280 moratum
953 4219 1065 4296 monte
1088 4219 1121 4281 et
1144 4212 1238 4282 terrie
1264 4210 1402 4307 qualiter
1433 4211 1581 4308 superins
1613 4212 1686 4285 illoc
1709 4235 1768 4304 per
1791 4211 1870 4310 ipeie
1892 4212 2041 4286 terminia
2076 4220 2109 4304 ct
2131 4233 2189 4306 per

767 4331 853 4425 brace
884 4329 962 4403 fines
993 4345 1222 4428 exegregetnm
1255 4341 1304 4408 est
1325 4333 1421 4409 sicut
1444 4347 1477 4410 et
1500 4339 1666 4435 quomodo
1691 4338 1837 4434 superine
1868 4337 1989 4434 legitur
2012 4345 2190 4411 memorata

768 4465 874 4532 sancte
904 4467 1013 4532 nostra
1045 4461 1244 4556 neapolitana
1266 4462 1399 4538 ecclesie
1422 4465 1485 4538 and
1509 4449 1687 4540 memorato
1710 4475 1820 4538 nostro
1850 4465 2047 4540 monasterio
2079 4475 2188 4540 cuncte

770 4585 872 4658 marie
894 4583 953 4682 qai
976 4587 1162 4658 nominatur
1185 4589 1226 4660 ad
1249 4589 1305 4663 illa
1321 4600 1410 4666 turre
1425 4593 1546 4664 ibidem
1569 4591 1689 4666 nnllam
1712 4591 1966 4666 dominationem
1992 4592 2194 4666 nbuirecmur

771 4731 832 4806 neo
853 4710 1020 4786 eberemne
1052 4739 1110 4812 per
1133 4717 1380 4813 quadrigintam
1402 4743 1504 4792 annoe
1530 4728 1579 4792 eet
1601 4723 1754 4816 proprius
1779 4721 1891 4794 luisset
1912 4731 1947 4794 ct
1971 4730 2020 4794 eet
2050 4721 2091 4794 de
2115 4739 2193 4792 ωο-

772 4844 897 4911 morato
915 4847 1021 4912 vestro
1043 4844 1237 4917 monetario
1260 4845 1361 4918 sancti
1382 4845 1554 4921 sebasiani
1579 4849 1663 4922 unde
1693 4848 1794 4923 multa
1818 4847 2047 4923 beltcrcatione
2072 4841 2211 4924 exinde
