4896 6522
811 612 815 620 ,
912 505 1029 602 (e)

906 785 1068 858 ccxciv,

358 1057 390 1152 †
409 1053 447 1125 ln
460 1053 593 1126 nomine
606 1047 732 1122 domini
746 1049 799 1123 dei
812 1047 980 1122 salvatoris
994 1048 1099 1121 nostri
1111 1047 1207 1120 lhesu
1222 1046 1340 1121 Christi
1353 1049 1533 1144 Imperante
1549 1051 1681 1123 demine
1777 1043 1837 1110 An·

263 1185 377 1254 uostm
393 1175 507 1249 basilio
522 1195 641 1270 magno
656 1173 850 1268 imperatore
864 1196 949 1246 anuo
963 1173 1232 1270 quinquagesimo
1247 1181 1349 1245 sestot
1365 1174 1421 1246 sed
1435 1181 1468 1245 et
1481 1175 1680 1246 oonstantino
1758 1175 1863 1240 1016.

265 1301 454 1378 hetereius
476 1322 596 1396 magno
619 1297 811 1392 imperatore
835 1321 919 1370 anno
941 1277 1210 1394 quinquagesimo
1233 1297 1347 1369 tertio:
1371 1296 1423 1367 die
1452 1304 1541 1368 sexta
1563 1301 1681 1379 mensis

265 1428 403 1502 ianuarii
425 1426 600 1498 indictione
621 1423 860 1516 quartadecima
884 1423 1032 1515 neapoli:
1056 1425 1190 1495 Cenum
1214 1434 1264 1494 est
1287 1448 1341 1495 me
1364 1423 1519 1518 stephano
1541 1424 1599 1519 qui
1614 1448 1681 1496 no-

267 1556 408 1631 minatur
430 1551 584 1624 levoreuo
610 1547 668 1644 qni
700 1547 762 1620 luit
790 1544 923 1620 athliato
945 1547 1111 1643 quondam
1134 1547 1243 1620 donati
1268 1548 1406 1621 abitator
1440 1553 1475 1620 in
1513 1551 1587 1622 loeo
1625 1557 1683 1647 qui

268 1687 403 1754 vocatur
426 1675 607 1749 uriuiasmm
630 1671 711 1746 loris
732 1672 895 1750 flubeum:
929 1673 961 1746 Α
983 1673 1123 1770 presenti
1146 1673 1198 1745 die
1220 1675 1437 1768 promtissima
1470 1676 1681 1750 volumtatem

268 1807 424 1906 promitto
447 1803 541 1879 vobis
564 1803 696 1878 domiuo
719 1804 864 1900 pancrati
877 1802 989 1878 umilis
1004 1804 1159 1900 igumeno
1175 1807 1362 1879 monasterii
1385 1813 1568 1878 sanctorum
1585 1807 1684 1899 sergii

270 1940 303 2004 et
326 1927 434 2000 vachii
457 1927 517 2025 qui
538 1949 625 2000 nune
649 1935 861 2021 congregatus
875 1933 924 2000 est
946 1926 981 1998 iu
995 1926 1191 1999 monasterio
1212 1935 1396 2001 sanctorum
1418 1927 1566 2001 theodori
1583 1936 1615 1998 et
1632 1950 1683 2002 se·

268 2051 403 2126 vastiani
427 2051 486 2146 qui
509 2049 686 2147 appellatur
715 2051 873 2146 eesapieta
904 2051 1004 2125 situm
1031 2053 1068 2124 in
1090 2050 1294 2127 viridiarium
1321 2061 1355 2124 et
1377 2059 1410 2124 at
1432 2061 1547 2127 cuneta
1577 2061 1685 2126 saneta

271 2188 303 2254 et
324 2177 508 2253 venerabile
531 2189 636 2254 vestra
659 2181 909 2276 congregatione
937 2180 1173 2255 monachorum
1195 2182 1368 2255 memorati
1391 2181 1490 2252 saneti
1512 2189 1545 2252 et
1582 2205 1687 2253 vene-2

269 2301 381 2378 rabilis
412 2303 512 2377 vestri
543 2303 729 2376 monasterii
760 2312 892 2397 propter
914 2304 1039 2400 integre
1062 2327 1128 2376 una
1150 2303 1290 2377 clusuris
1313 2302 1354 2374 de
1378 2311 1463 2374 terra
1493 2312 1598 2376 vestre
1629 2303 1688 2374 iu-

272 2429 318 2501 ris
354 2426 526 2516 memorati
549 2429 651 2502 saneti
673 2429 773 2500 vestri
796 2430 987 2503 monasterii
1009 2431 1115 2525 posita
1138 2430 1175 2501 in
1195 2437 1376 2505 memorato
1408 2429 1482 2500 loeo
1508 2431 1690 2502 minianum

173 2571 175 2574 ’
282 2601 657 2636 ................
663 2578 727 2628 une
754 2580 831 2639 num
855 2555 1028 2630 erroribus
1052 2553 1225 2629 huetiferis
1248 2554 1303 2626 vel
1325 2554 1533 2626 infructiferis
1556 2561 1589 2625 et
1612 2575 1688 2626 eum

272 2680 419 2758 introitus
440 2704 515 2756 suas
536 2690 570 2755 et
593 2681 741 2757 omnibus
763 2682 826 2758 sibi
856 2680 1048 2779 generaliter
1070 2675 1327 2776 pertinentibus:
1368 2674 1539 2748 coherente
1563 2675 1627 2748 sivi
1642 2677 1685 2747 ab

272 2833 339 2884 uno
369 2811 468 2886 latere
500 2821 548 2884 est
576 2813 648 2888 ribo
679 2814 738 2910 qui
770 2817 970 2888 nominatur.
993 2815 1007 2882 .'
1016 2856 1286 2886 ............
1313 2805 1455 2888 eximat:
1494 2813 1527 2877 et
1557 2833 1576 2877 a
1607 2805 1685 2880 roris

272 2934 342 3030 ipso
376 2935 450 3015 ribo
480 2946 530 3008 est
563 2947 649 3010 terra
683 2936 852 3011 memorati
882 2937 982 3011 vestri
1012 2935 1199 3010 monasterii
1203 2979 1501 3008 .............
1531 2932 1685 3026 stephano

271 3061 383 3154 nepoti
404 3083 486 3130 suo:
511 3070 545 3131 et
567 3061 608 3134 de
631 3062 696 3134 elio
718 3065 818 3134 latere
840 3070 890 3136 est
911 3071 997 3136 terra
1019 3061 1205 3138 monosterii
1226 3059 1327 3133 saneti
1342 3056 1508 3132 salvatoris
1524 3059 1565 3130 de
1581 3065 1691 3129 monte

271 3182 437 3256 besubeo=
472 3205 566 3256 seum
594 3196 628 3258 et
650 3195 736 3262 terra
759 3191 930 3262 memorah‘
951 3192 1051 3264 uestri
1074 3188 1260 3262 monasterii
1293 3211 1358 3284 que
1389 3195 1476 3259 tenet
1509 3193 1687 3259 memorato

276 3307 415 3378 andrea:
435 3307 483 3379 de
507 3328 574 3390 uno
597 3306 700 3402 capies
724 3315 773 3380 est
795 3309 925 3402 serpula
947 3317 981 3380 et
995 3310 1085 3386 ribus
1098 3314 1263 3407 quomodo
1287 3330 1347 3402 per
1369 3309 1523 3382 termines
1547 3307 1686 3382 exfinatt

276 3435 309 3500 et
332 3429 372 3500 de
397 3428 477 3504 alios
498 3433 602 3526 capite
623 3433 678 3505 via
700 3432 828 3525 publiea
852 3433 938 3506 uude
960 3434 1082 3509 ibidem
1105 3436 1274 3508 introitum
1288 3433 1384 3504 abere
1407 3434 1578 3506 debeamus
1603 3442 1636 3502 et
1658 3432 1693 3504 iu

270 3555 469 3656 eliquamnm
491 3557 573 3630 loris
595 3557 664 3650 ipsa
687 3561 742 3628 via
765 3557 898 3630 eoheret
912 3567 998 3631 terra
1013 3567 1191 3634 memoratu
1199 3605 1500 3632 .............
1507 3557 1691 3652 primicerio

273 3689 331 3786 qni
352 3689 540 3760 nominatur
562 3683 704 3756 milluso:
728 3707 810 3780 quus
832 3709 912 3758 vero
934 3681 1112 3761 memoratu
1141 3688 1266 3782 integra
1287 3711 1353 3760 rota
1376 3689 1515 3760 esmeria
1547 3687 1586 3756 de
1610 3701 1693 3758 terra

272 3817 312 3883 ut
332 3829 429 3904 super
454 3804 576 3900 legitur
598 3804 681 3878 mibi
702 3805 849 3901 meisque
881 3807 1022 3903 propriis
1044 3808 1217 3881 heredibus
1252 3809 1381 3892 dedistis
1416 3816 1448 3878 at
1480 3808 1693 3880 lavoraudun

272 3946 307 4010 et
329 3934 537 4010 detinendum
568 3936 603 4006 in
635 3957 676 4008 eo
689 3975 692 3982 ·
707 3934 796 4008 anim
825 3943 939 4008 tenore
966 3937 1064 4008 utin
1086 3959 1160 4008 mee
1181 3935 1327 4028 meisque
1349 3934 1488 4028 propriis
1519 3923 1694 4006 heredibus

272 4061 341 4135 sint
362 4063 517 4152 potestate
540 4075 597 4128 eos
620 4058 750 4132 tenendi
774 4063 808 4127 et
830 4056 1018 4134 dominandi
1042 4077 1134 4130 seum
1158 4055 1327 4128 lavorandi
1350 4065 1383 4124 et
1406 4052 1583 4138 seminandi
1606 4061 1639 4124 et
1662 4061 1695 4122 at

276 4183 449 4259 meliorem
471 4181 597 4266 cultum
618 4181 814 4276 perdueeudi
836 4183 873 4260 in
894 4183 1049 4258 omnibus
1072 4206 1149 4262 eum
1171 4181 1271 4260 robes
1286 4191 1412 4252 nostros
1433 4187 1466 4252 et
1482 4179 1709 4252 ooneieturias

273 4312 330 4386 vel
352 4306 479 4384 omnies
501 4323 654 4400 expensus
678 4305 883 4396 munuminas
899 4305 1028 4378 ethites
1045 4309 1166 4383 ibidem
1179 4307 1392 4386 ennianum
1406 4330 1526 4402 ponere
1550 4315 1584 4378 et
1598 4306 1696 4398 plan-

256 4449 345 4509 tare
368 4433 542 4509 debeamus
565 4449 657 4501 seum
680 4436 713 4501 et
735 4425 838 4500 olibes
859 4427 918 4508 ubi
949 4451 1115 4516 necessum
1136 4433 1236 4504 fumis
1259 4443 1292 4504 et
1313 4433 1396 4507 sicut
1419 4433 1540 4508 iustum
1563 4431 1691 4506 fueris:

277 4559 375 4631 etde
399 4553 513 4628 subtus
535 4553 765 4650 quodcumque
788 4548 882 4621 nobis
904 4548 1055 4622 domiuus
1077 4551 1201 4623 dederis
1214 4553 1250 4625 in
1264 4554 1409 4648 quoliuet
1432 4551 1605 4630 seminatus
1630 4571 1695 4644 qqe

279 4681 399 4754 ibidem
423 4676 688 4752 seminaberimus
711 4672 880 4758 innostra
902 4673 944 4745 sit
966 4679 1157 4768 potestatem
1178 4674 1264 4749 unde
1287 4676 1409 4748 nullam
1442 4670 1525 4744 mihi
1549 4671 1694 4766 meisque

281 4803 418 4908 propriis
439 4801 614 4890 heredibus
636 4800 753 4886 exinde
774 4820 841 4872 uon
863 4797 1006 4906 queratis
1021 4805 1079 4882 aut
1100 4798 1236 4873 tollatis:
1262 4800 1360 4872 etiem
1375 4797 1404 4870 si
1420 4818 1483 4896 ego
1506 4803 1538 4870 at
1561 4793 1696 4880 heredes

381 4931 446 5005 Vel.
472 4931 531 5009 IV.
1296 4936 1337 5004 11
