4940 6518
653 1097 715 1164 An·
900 1127 931 1222 †
954 1128 989 1200 ln
1013 1126 1143 1197 nomine
1166 1123 1290 1195 domini
1313 1121 1366 1194 dei
1390 1120 1559 1194 salvatoris
1582 1123 1684 1196 nostri
1707 1123 1803 1196 lbesn
1825 1122 1945 1196 Christi
1960 1123 2141 1220 tmpcroms
2157 1123 2225 1197 do—

635 1231 741 1292 1003.
804 1255 896 1324 mino
918 1261 1030 1323 nostro
1054 1249 1168 1320 besilio
1190 1270 1309 1345 magno
1331 1250 1526 1344 Imperatore
1555 1273 1640 1322 anno
1671 1253 1920 1348 quadragesimo
1952 1253 2066 1326 tertio:
2098 1253 2155 1326 ned
2189 1263 2223 1320 et

734 1477 736 1482 Ι
803 1375 1010 1449 Constantino
1033 1375 1134 1446 irater
1156 1376 1228 1449 eius
1248 1395 1369 1470 magno
1391 1381 1587 1474 Imperatore
1610 1405 1697 1454 enno
1719 1383 1986 1480 prabagmimo:
2009 1385 2063 1458 die
2085 1385 2223 1481 quinta·

804 1506 928 1582 decima
952 1505 1070 1576 mensis
1093 1504 1195 1598 magii
1227 1502 1402 1574 indictione
1429 1505 1534 1598 prima
1560 1505 1697 1600 neapoli.
1721 1507 1865 1604 Απῑίιῑιιπ
1887 1507 2096 1584 Gomnetudo
2126 1507 2224 1579 buius

803 1634 943 1706 civitatis
965 1640 1015 1705 ost
1037 1632 1083 1702 ud
1105 1629 1507 1727 qrralecnmquecbnrtula
1530 1635 1594 1707 aud
1616 1635 1808 1730 dispositum
1829 1637 1882 1708 rel
1905 1643 2133 1710 momentum
2162 1659 2225 1706 nn·-

804 1760 987 1833 notnberint
1010 1759 1244 1854 qualecumque
1261 1757 1398 1830 Curialis
1421 1771 1477 1831 eut
1499 1761 1645 1834 noterius
1669 1761 1721 1834 vel
1744 1762 1930 1836 tabularius.
1954 1763 2025 1836 sibe
2048 1763 2224 1858 prisonarium

804 1885 865 1981 qui
887 1884 985 1955 buius
1007 1883 1145 1955 civitatis
1167 1883 1330 1977 prsbrerid
1360 1881 1415 1954 illa
1449 1883 1509 1956 vel.
1537 1883 1616 1955 illud
1648 1895 1788 1958 sternere
1817 1895 1850 1955 et
1880 1885 2062 1980 atimpleret
2094 1885 2141 1958 nd
2163 1909 2227 1980 pro

805 2007 1052 2080 boccensionem
1075 2005 1236 2078 neminem
1258 2005 1398 2098 perirctr
1424 2007 1519 2078 Nunc
1541 2018 1647 2080 nutem
1670 2009 1828 2082 benenunt
1851 2009 1971 2081 micbi:
1996 2007 2134 2082 mastalo
2157 2013 2229 2103 pri·-

805 2134 910 2205 mnrio
932 2141 1007 2206 note
1030 2125 1176 2204 testatem
1191 2132 1231 2204 de
1247 2129 1390 2201 chartola
1412 2131 1588 2204 offertionis
1603 2155 1702 2228 quem
1725 2133 1854 2228 scripsit
1877 2135 2044 2230 quondam
2066 2133 2223 2210 iohannes

805 2261 942 2332 Coriolis
965 2263 1024 2355 qni
1054 2257 1344 2354 cognominabatur
1365 2256 1474 2330 billuei
1498 2269 1547 2332 sot
1570 2281 1630 2354 pro
1652 2261 1760 2334 divina
1784 2261 1986 2336 vocationem
2009 2261 2146 2334 minim
2170 2261 2225 2334 ille

806 2399 947 2462 sternere
978 2387 1160 2458 concorrid.
1192 2385 1327 2481 proinde
1359 2393 1392 2457 et
1425 2409 1486 2481 ego
1509 2395 1704 2462 memoratus
1728 2389 1879 2462 mastelus
1902 2389 2077 2484 primarius
2100 2413 2240 2474 secun-,

806 2512 886 2583 dom
907 2509 1170 2583 consuetudinem
1193 2510 1228 2581 in
1251 2533 1310 2581 ane
1333 2511 1448 2604 pagina
1472 2509 1578 2583 scribo
1600 2521 1636 2580 et
1660 2513 1788 2584 attirrno
1812 2513 1866 2583 illa
1895 2511 1941 2585 nd
1975 2509 2017 2582 de
2047 2515 2158 2587 omnia
2190 2525 2225 2586 et

806 2639 842 2710 in
857 2638 1006 2710 omnibus
1021 2661 1085 2733 qne
1100 2637 1241 2709 continet
1256 2637 1347 2712 firme
1361 2647 1395 2710 et
1409 2637 1530 2711 sterilis
1546 2641 1746 2736 permanead.
1764 2640 1883 2736 quibus
1898 2641 1968 2736 ipse
1982 2649 2062 2714 note
2076 2643 2222 2715 continet

807 2763 869 2832 ita:
893 2761 943 2856 †:
969 2759 1022 2832 die
1037 2768 1126 2831 sexta
1148 2761 1267 2833 mensis
1289 2761 1372 2833 iunii
1394 2761 1568 2835 indictione
1592 2763 1760 2835 undecimo
1774 2765 1919 2860 neapoli:
1942 2767 2076 2840 Certum
2099 2778 2148 2838 est
2163 2789 2220 2842 me

808 2887 982 2960 iohannem
1020 2889 1087 2960 filio
1125 2891 1289 2984 qnondam
1327 2888 1547 2962 keremmanni
1589 2891 1630 2962 de
1661 2889 1853 2963 monianum
1885 2891 2048 2965 territorio
2083 2895 2225 2989 cymmi-

809 3017 947 3088 tireme:
972 3015 1004 3085 A
1025 3015 1165 3108 presenti
1188 3014 1239 3087 die
1262 3014 1480 3108 promtissima
1502 3013 1702 3086 voluntatem
1725 3015 1884 3087 offeroet
1906 3017 1996 3089 trado
2012 3019 2071 3092 tini
2087 3018 2224 3091 donnino

809 3143 917 3236 sergio
940 3139 1114 3213 venerabili
1138 3161 1302 3234 ygumeno
1325 3139 1511 3211 monasterii
1534 3147 1719 3212 smetomm
1741 3139 1840 3234 sergii
1862 3140 2011 3238 etbacbi
2041 3143 2102 3238 qni
2134 3165 2223 3216 nnnc

809 3277 1020 3363 congregatos
1043 3275 1090 3338 est
1112 3267 1147 3336 in
1170 3265 1365 3339 monasterio
1388 3273 1573 3338 sanctorum
1594 3265 1743 3338 tbeodori
1765 3275 1799 3338 et
1821 3265 1990 3341 sebestiani
2013 3269 2050 3342 in
2072 3267 2147 3342 loco
2162 3270 2222 3367 qni

807 3391 991 3462 nominatur
1012 3389 1169 3483 casepicte
1191 3390 1290 3460 sitnm
1313 3389 1348 3460 in
1371 3389 1539 3460 biridinrio
1567 3399 1601 3462 et
1631 3411 1691 3484 per
1721 3401 1755 3466 te
1786 3391 1821 3464 in
1846 3400 2026 3462 memorato
2049 3404 2163 3464 sancto
2188 3403 2223 3465 et

808 3517 986 3592 venerabili
1017 3525 1076 3588 tuo
1098 3515 1302 3586 monasterio.
1333 3523 1541 3612 sanctamque
1573 3525 1627 3590 tua
1657 3517 1938 3614 congregationem
1965 3517 2220 3594 monachorum.

762 3704 765 3713 .
809 3665 872 3736 pro
903 3641 1009 3714 enimn
1039 3661 1124 3712 men.
1150 3639 1235 3712 ldest
1265 3639 1391 3736 integra
1423 3641 1606 3736 portionem
1635 3663 1742 3716 mecm
1772 3641 1812 3716 de
1842 3637 2007 3736 integrum
2034 3639 2219 3714 bolibetnm
2374 3637 2377 3646 ’

808 3765 951 3858 positum
973 3764 1009 3836 in
1030 3771 1209 3836 memorato
1232 3764 1314 3836 loco.
1339 3772 1371 3836 et
1383 3764 1610 3837 ¹nomminatnr
1625 3767 1666 3838 ad
1682 3764 1861 3838 auriolum:
1877 3787 1943 3836 una
1957 3785 2036 3838 cnm
2052 3765 2225 3840 introitnnn

808 3899 965 3967 suomet
994 3890 1143 3964 omnibns
1174 3891 1237 3965 sivi
1268 3892 1510 3988 pertinentibus.
1544 3917 1609 3990 que
1641 3895 1724 3967 educ
1759 3898 1793 3962 et
1829 3891 1967 3966 indivisa
1990 3893 2132 3967 relucent
2155 3894 2227 3988 ipse
2351 3933 2358 3948 ·

808 4019 954 4114 portione
978 4042 1050 4092 mee
1072 4021 1189 4095 exinde
1213 4045 1277 4092 nnn
1301 4044 1376 4094 cum
1399 4021 1460 4094 olis
1490 4022 1641 4116 portione
1668 4019 1774 4092 basilii
1808 4021 1955 4114 germani
1985 4021 2062 4093 mei
2085 4029 2120 4091 et
2152 4023 2223 4114 ipsc

806 4143 953 4238 portione
977 4167 1048 4216 mea
1071 4155 1103 4216 et
1127 4145 1276 4240 portione
1298 4143 1468 4216 memorati
1493 4146 1639 4240 germani
1662 4143 1726 4214 mei
1749 4151 1797 4214 est
1819 4142 1929 4214 uncias
1943 4165 2003 4216 nex
2018 4143 2105 4216 inter
2119 4144 2221 4221 mli:

807 4283 839 4342 et
862 4273 945 4366 ipsas
966 4293 1023 4346 sex
1046 4273 1157 4347 docies
1178 4283 1301 4344 nostras
1316 4275 1399 4346 aduc
1414 4273 1535 4344 iterum
1552 4271 1703 4346 indivisas
1719 4270 1858 4342 reincent
1872 4292 1949 4370 com
1964 4269 2085 4343 similes
2100 4293 2224 4343 sexun-

806 4401 871 4470 cias
893 4405 1014 4472 vestras
1036 4398 1206 4471 memorati
1230 4399 1330 4470 vestri
1353 4399 1558 4472 monosterii:
1585 4399 1677 4472 Unde
1699 4397 1798 4468 nicbil
1822 4395 1923 4468 micbi
1944 4396 2063 4470 exinde
2087 4397 2223 4493 aliquod
2262 4384 2267 4392 ’

805 4527 957 4597 remansit
979 4534 1036 4596 aut
1058 4524 1222 4596 resorberi
1244 4547 1304 4595 neo
1328 4522 1363 4594 in
1377 4522 1514 4595 alienam
1536 4523 1695 4616 cuiusque
1717 4541 1888 4612 personam
1912 4521 2002 4618 qnod
2023 4521 2107 4614 epsit
2132 4541 2226 4592 com-

803 4649 876 4718 misi
899 4657 1106 4742 potestatem:
1132 4657 1166 4718 et
1188 4673 1206 4719 a
1229 4646 1371 4740 presenti
1393 4645 1446 4715 die
1470 4656 1504 4718 et
1527 4645 1676 4735 deinceps
1698 4643 1955 4737 prenomminata
1969 4651 2150 4717 memorata
2165 4641 2246 4714 in-‘

804 4783 892 4864 tegre
931 4776 1080 4868 portione
1115 4795 1187 4846 mea
1219 4773 1336 4844 exinde
1368 4782 1404 4842 ut
1436 4791 1534 4864 super
1564 4767 1684 4860 legitur
1715 4789 1735 4835 a
1765 4789 1819 4837 me
1850 4765 1942 4837 vobis
1973 4767 2016 4838 sit
2046 4767 2163 4840 offerto
2194 4776 2227 4837 ct

800 4897 915 4970 tradita
946 4899 982 4973 in
1013 4893 1118 4974 restra
1141 4896 1344 4992 vestrisque:
1370 4892 1508 4988 posteris
1521 4891 1585 4964 sint
1597 4900 1788 4986 potestatem
1808 4913 1940 4987 queque
1971 4891 2090 4967 exinde
2118 4897 2226 4968 lacere
