4934 6532
915 727 1059 818 (³0³)

279 861 452 964 maionem
477 888 591 982 prefati
615 883 799 960 manasterii
824 891 858 957 et
879 879 919 951 de
944 878 1077 970 eiusque
1095 875 1260 946 enardus
1279 882 1312 944 et
1326 879 1511 950 mstedibue
1527 893 1624 976 utque
1641 905 1707 954 rea

205 993 211 1010 ⁸
281 1015 432 1086 uteribus.
458 1015 497 1084 ad
522 1011 703 1084 habendum
727 1017 760 1080 et
783 1003 1008 1102 poeidcndam
1024 1011 1056 1072 et
1074 998 1255 1072 laciendum
1271 997 1389 1070 exinde
1402 1003 1513 1072 emnia
1530 1025 1593 1096 que
1608 1012 1695 1098 perti

287 1123 433 1208 eiusdem
458 1131 645 1204 monasterii
669 1129 821 1224 placeret.
845 1126 929 1196 uude
944 1124 985 1194 de
1002 1123 1109 1194 emula
1124 1121 1304 1214 supradicta
1319 1141 1386 1215 que
1399 1121 1458 1192 tibi
1472 1127 1621 1216 superius
1635 1152 1697 1198 ra..

286 1254 519 1327 numdederum
542 1251 683 1348 queliter
705 1249 851 1321 dixerant
865 1247 976 1318 michi
1000 1267 1060 1316 uec
1083 1243 1139 1316 alii
1160 1241 1294 1313 cuilibet
1309 1243 1426 1315 exinde
1442 1243 1563 1316 undem
1587 1268 1698 1316 reser-

284 1382 433 1454 babcram
465 1391 514 1454 set
546 1392 681 1452 cuntem
704 1389 737 1454 et
760 1381 923 1471 integrum
947 1377 1032 1470 ipses
1054 1373 1113 1444 tibi
1137 1369 1409 1442 venumdederaua
1430 1371 1517 1442 sicut
1540 1376 1692 1464 supradi-

287 1531 409 1582 xerarn.
442 1520 474 1580 et
496 1531 554 1603 per
578 1506 791 1600 suprascripta
814 1527 885 1578 mee
909 1501 1094 1575 [venditione
1115 1497 1351 1579 manifestarem
1374 1519 1435 1590 ege
1451 1498 1509 1592 qui
1525 1521 1621 1591 supra
1637 1523 1702 1593 pe-

285 1643 354 1705 tm
377 1632 525 1703 heuditer
549 1631 625 1724 quia
648 1639 832 1723 susceptum
856 1638 889 1700 ct
909 1625 1110 1718 cumpletum
1134 1631 1213 1718 eput
1240 1643 1293 1692 me
1317 1621 1474 1696 habebam
1496 1627 1650 1718 pretium.
1677 1653 1698 1699 a

287 1766 318 1826 tc
340 1755 400 1848 qui
424 1777 518 1849 supra
542 1755 673 1826 domiue
696 1752 835 1826 iohanne
858 1750 1116 1822 rebcreutissimc
1142 1749 1264 1822 abbate
1289 1749 1374 1820 ldest
1388 1761 1556 1842 argeutum
1569 1751 1698 1822 donum

284 1880 478 1950 cineraciuau
502 1881 691 1976 speclietum
715 1879 798 1950 libra
822 1901 887 1949 uua
912 1887 945 1950 et
967 1878 1112 1948 numium
1144 1886 1177 1946 et
1200 1877 1281 1948 libra
1305 1878 1388 1975 iusta
1410 1876 1451 1948 de
1473 1891 1580 1946 centra
1604 1897 1690 1968 peu-

286 2010 391 2072 satum
427 2006 511 2074 sicut
539 2003 624 2073 iuter
655 2001 750 2074 uubis
770 2011 924 2072 statuurm
948 2000 1052 2070 lucret
1079 2000 1208 2072 diuitum
1232 2001 1310 2072 bere
1332 2001 1483 2094 pretium.
1507 2023 1545 2068 ca
1560 2002 1692 2072 'ratione

294 2141 453 2222 quatenus
482 2129 599 2200 amede
628 2135 661 2199 et
683 2147 812 2220 temper
838 2128 961 2219 prelato
988 2127 1182 2196 monasterie
1204 2128 1304 2224 sancti
1328 2126 1477 2198 laurentii
1500 2134 1532 2196 et
1561 2125 1693 2218 eiusque

288 2254 457 2325 &datibus
470 2263 513 2324 ct
534 2252 711 2326 rectoribus
734 2262 832 2344 etque
853 2250 1048 2321 custodibus
1072 2251 1207 2322 firmiter
1230 2250 1362 2324 haberet
1383 2260 1418 2324 et
1439 2251 1615 2345 possideret
1643 2253 1695 2322 lu·

287 2392 377 2472 tegra
402 2377 613 2468 supruscripta
637 2397 708 2444 mee
732 2375 916 2444 bunditiuue
932 2387 965 2444 et
981 2375 1102 2444 fuceret
1117 2384 1150 2445 et
1166 2377 1282 2448 exinde
1296 2379 1403 2450 emnia
1420 2373 1485 2473 quc
1498 2376 1582 2474 parti
1605 2379 1698 2450 eius-

287 2504 362 2571 dem
385 2499 569 2570 monasterii
593 2497 739 2590 placeret
760 2509 795 2568 ct
818 2497 997 2590 obligarem
1020 2520 1082 2590 ege
1106 2502 1163 2591 qui
1187 2521 1284 2592 supra
1308 2513 1417 2592 petrus
1432 2503 1579 2574 beuditer
1595 2527 1647 2576 me
1668 2519 1700 2578 et

287 2647 377 2694 meos
395 2622 529 2695 heredes
547 2631 577 2690 at
593 2631 716 2714 partem
732 2623 845 2716 prelati
870 2622 1053 2692 monasterii
1076 2622 1177 2694 sancti
1200 2623 1351 2708 laurentii
1367 2626 1455 2698 etad
1477 2607 1612 2726 eiusque
1639 2635 1701 2702 ab·

290 2752 420 2824 batibtrs
449 2758 481 2820 ct
504 2750 686 2823 custoribus
710 2761 807 2846 atquc
830 2749 1020 2823 rectoribus.
1039 2751 1162 2845 Integra
1189 2753 1402 2848 suprascripta
1418 2771 1489 2828 mea
1514 2760 1698 2832 hecditicuc

289 2873 460 2947 defendere
484 2883 516 2944 et
540 2881 697 2946 antestare
719 2873 838 2944 amodo
861 2883 894 2944 ct
916 2891 1043 2966 semper
1066 2893 1084 2943 a
1108 2885 1198 2967 purte
1222 2875 1318 2945 uxori
1342 2899 1413 2948 mee
1428 2888 1460 2948 et
1477 2879 1518 2950 ela
1534 2881 1604 2952 allis
1618 2905 1696 2952 em-

288 2994 384 3064 uilrus
410 2993 600 3066 hominihus
623 2993 665 3064 ab
687 2996 842 3089 omnique
864 2991 1017 3089 partibus.
1041 3007 1074 3068 et
1096 2997 1225 3092 quaudo
1242 2995 1364 3070 beteret
1380 3018 1454 3092 pars
1470 3003 1610 3076 eiusdem
1627 3027 1699 3076 me-

289 3119 419 3190 umtcrii
442 3128 475 3190 et
498 3117 634 3213 eiusque
658 3119 827 3192 meatibus
851 3131 885 3192 et
907 3121 1092 3194 custodibus
1117 3132 1215 3218 atquc
1237 3125 1416 3196 rectoribus
1440 3151 1554 3220 perse
1578 3131 1696 3202 exinde

287 3249 409 3313 emeret
430 3249 577 3311 auctores
591 3250 624 3311 et
640 3241 1002 3316 defensoreeliceutiem
1016 3253 1049 3316 et
1065 3251 1253 3338 potestatem
1267 3243 1424 3317 habereut
1438 3247 1485 3316 illi
1498 3248 1560 3316 sibi
1579 3249 1695 3316 exinde

287 3392 392 3440 essere
420 3377 566 3440 auctores
589 3378 622 3440 et
645 3369 826 3442 defensores
850 3372 921 3443 bice
943 3393 1015 3442 mee
1030 3372 1139 3445 uelde
1155 3393 1245 3446 meos
1260 3373 1403 3446 heredes.
1419 3393 1494 3446 cunt
1510 3373 1577 3466 ipsa
1603 3373 1695 3444 henn-

286 3497 407 3588 ptienis
438 3507 525 3567 certa
548 3509 581 3569 et
604 3519 681 3569 cum
705 3499 776 3569 aliia
800 3502 916 3573 nonnis
931 3501 982 3572 vel
998 3519 1113 3574 eorum
1136 3501 1314 3573 rationibus
1330 3501 1495 3594 quomedo
1509 3511 1542 3571 et
1557 3501 1695 3595 qualiter

285 3621 401 3692 melius
422 3629 571 3714 peterent
593 3635 626 3694 et
649 3622 802 3694 tolerent
827 3632 859 3692 et
882 3626 1030 3717 quicquit
1052 3625 1169 3694 exinde
1190 3629 1294 3697 lacere
1310 3625 1454 3696 delerent
1481 3639 1514 3696 ct
1548 3637 1699 3719 peterent

281 3767 399 3817 cerum
422 3759 503 3818 creet
524 3751 688 3842 potcstatis
711 3760 744 3820 et
759 3748 887 3844 quande
902 3748 1045 3821 holereut
1060 3749 1303 3826 defenderemus
1320 3773 1433 3823 eoram
1454 3751 1544 3846 ipses
1560 3752 1601 3823 ab
1616 3773 1696 3822 cm-

285 3875 381 3944 aibas
414 3873 598 3944 homiuibus
620 3875 663 3945 ab
685 3878 839 3970 omnique
861 3875 1007 3968 partibus
1030 3887 1068 3948 ut
1090 3897 1188 3970 snpra
1217 3877 1393 3968 legebatur.
1417 3877 1452 3945 Si
1477 3887 1585 3946 autem
1609 3878 1694 3966 ipses

285 4020 405 4072 eerutn
430 3999 555 4072 decadi
578 4023 645 4072 neu
667 4011 852 4094 peteremus
876 4011 912 4072 ut
935 4003 1081 4073 dixeram
1105 4001 1218 4092 primis
1242 4017 1304 4090 ege
1325 4007 1360 4068 ct
1383 4019 1474 4068 meos
1505 3999 1639 4070 heredes
1663 4014 1692 4072 at

283 4143 410 4223 ‘partem
424 4130 560 4224 predicti
583 4129 766 4201 monasterii
790 4137 822 4198 et
846 4129 886 4198 ad
909 4129 1042 4221 eiusque
1067 4125 1232 4198 abbatibus
1249 4135 1283 4195 et
1298 4125 1483 4198 custodibus
1508 4136 1604 4220 utque
1634 4145 1688 4196 re·

287 4256 440 4326 ctoribus.
465 4256 506 4326 dc
530 4253 670 4323 colludio
693 4251 819 4343 legjhps
842 4250 924 4319 iufra
941 4271 975 4320 se
1000 4249 1179 4344 obligarem
1197 4261 1236 4322 et
1250 4273 1446 4345 componere
1467 4273 1580 4325 cerum
1600 4247 1692 4319 ebu-

285 4371 396 4472 garena
418 4381 634 4474 suprascripte
657 4377 798 4472 pretium
821 4377 957 4470 duplum
980 4388 1013 4450 ct
1037 4379 1136 4472 duplo
1160 4401 1218 4473 par
1242 4379 1470 4474 appretiatum.
1502 4375 1593 4464 Quod
1627 4397 1691 4445 su-

284 4507 460 4598 prascripta
490 4527 562 4575 mee
593 4503 735 4574 benditio
759 4513 836 4597 aput
861 4523 974 4574 eorum
999 4504 1033 4574 iu
1057 4503 1207 4576 hedificie
1230 4504 1282 4574 vel
1306 4503 1340 4576 in
1364 4505 1480 4598 quebis
1504 4511 1588 4599 perte
1612 4523 1688 4571 cre·
1781 4481 1795 4546 '¹

284 4627 353 4698 lritu
375 4629 428 4700 rel
451 4629 688 4700 remelioratam
711 4637 849 4723 pareret.
884 4625 971 4700 Nam
995 4629 1024 4699 ei
1048 4629 1191 4722 egcuui
1214 4647 1309 4723 supra
1333 4639 1444 4724 petrum
1466 4628 1610 4702 lacuditor
1635 4634 1691 4695 aut

279 4767 375 4820 nuces
398 4747 533 4825 heredes
556 4753 628 4846 ipsa
637 4749 840 4824 -lreuditieuis
855 4765 942 4822 certa
957 4752 998 4822 de
1013 4753 1132 4846 quibus
1147 4752 1330 4826 continebat
1343 4753 1516 4849 uliquaude
1527 4773 1585 4847 per
1598 4771 1688 4844 qua-

287 4875 459 4972 lecumque
483 4876 650 4970 ingenium
674 4875 875 4970 dirrumpere
900 4889 956 4948 aut
977 4876 1147 4949 remchere
1170 4877 1384 4972 quaesissemus
1407 4888 1440 4950 et
1454 4881 1481 4952 si
1497 4897 1562 4947 neu
1578 4895 1693 4948 corum

288 5000 374 5088 ipsos
403 5002 642 5073 detereremus
676 5011 708 5070 et
739 5001 766 5070 ei
803 5021 868 5072 uon
892 5003 1076 5074 fecissemus
1100 5009 1133 5076 ct
1155 5021 1223 5076 uun
1246 5003 1526 5097 complentescmus
1551 5009 1583 5068 at
1607 5009 1697 5092 perte
