4888 6528
1441 553 1455 648 t
1481 557 1546 620 teo
1570 548 1585 644 )

890 718 921 814 †
944 719 1016 816 epa
1040 714 1181 790 deodede
1204 708 1458 806 archipresbyter
1480 711 1515 778 et
1536 699 1740 800 prteteeou
1761 701 1837 776 teeti
1860 703 2034 802 eobeoripei
2058 711 2090 807 †

893 849 924 936 †
948 841 1018 934 ego
1040 839 1181 912 aternam
1203 831 1368 928 presbyter
1390 838 1424 900 et
1446 823 1652 922 primaerio
1674 824 1750 898 aeti
1772 825 2002 926 embeeripei†
2082 887 2086 896 .

891 965 921 1056 †
946 985 1008 1058 ego
1031 961 1186 1035 iohannes
1205 957 1376 1054 presbyter
1397 953 1471 1028 teeti
1491 951 1668 1050 eobeeripei
1690 951 1724 1052 †

890 1087 921 1178 †
945 1087 1015 1180 Epo
1037 1083 1161 1178 eergiue
1185 1080 1356 1176 primarius
1380 1077 1597 1173 complerint
1620 1079 1742 1154 moin
1765 1104 1825 1178 per
1848 1095 2025 1160 memorata
2038 1057 2133 1164 ¹nene
2157 1097 2210 1168 in.

797 1216 934 1288 dictione
957 1213 989 1308 †
1940 1217 1943 1225 ·

1396 1594 1618 1670 comme.

657 1874 719 1943 pn,
895 1854 926 1951 †
948 1855 986 1924 ln
1009 1852 1140 1924 nomino
1162 1849 1286 1925 domini
1309 1849 1362 1922 dei
1385 1851 1552 1924 eaieatode
1574 1849 1676 1924 meai
1701 1851 1797 1926 lbeen
1819 1852 1961 1928 Cirrietir
1990 1866 2064 1951 poet
2084 1858 2212 1931 deran-

638 2011 743 2070 10²7.
800 1986 920 2056 tionem
952 1982 1083 2054 domino
1115 1990 1225 2052 noetro
1257 1979 1467 2053 Conetamim
1495 2001 1616 2076 magno
1644 1981 1838 2076 imperatore
1859 2001 1945 2055 mne
1966 1983 2127 2059 eeenndo=
2153 1987 2210 2059 die

799 2111 912 2208 quinta
936 2111 1055 2182 meneie
1078 2110 1207 2204 augusti
1229 2109 1407 2182 indictione
1431 2109 1558 2182 decima
1582 2103 1729 2204 neapoli:
1761 2109 1890 2182 Certum
1922 2119 1972 2184 eet
1993 2131 2053 2186 noe
2075 2123 2209 2210 petrum

798 2246 934 2314 sraetere
957 2237 1025 2312 noo
1049 2237 1215 2336 qnondam
1238 2237 1326 2310 idem
1349 2237 1453 2332 petri:
1488 2257 1552 2334 ego
1576 2249 1684 2312 entem
1705 2259 1766 2333 pro
1785 2239 1859 2311 viee
1880 2259 1955 2312 mea
1975 2247 2010 2310 et
2024 2261 2085 2336 pro
2099 2243 2210 2316 ricem

797 2361 951 2458 etepbano
972 2363 1107 2434 bracteae
1129 2359 1257 2433 uterino
1282 2360 1438 2454 germano
1461 2381 1558 2434 meor
1592 2380 1683 2436 uum
1705 2369 1739 2434 et
1765 2381 1828 2456 pro
1847 2361 1957 2436 vioeoa
1978 2371 2072 2458 petro
2095 2366 2210 2458 nepoti

797 2513 872 2564 meo
894 2491 961 2564 titio
983 2489 1146 2584 quondm
1168 2486 1254 2560 incia
1275 2507 1429 2584 pernam
1456 2507 1529 2562 mee
1560 2498 1595 2562 et
1614 2490 1755 2565 iohanne
1778 2489 1849 2566 fliio
1870 2489 2037 2588 qnondam
2058 2491 2144 2588 petri
2168 2493 2208 2568 de

795 2616 957 2690 dibitiam:
981 2615 1039 2712 qni
1063 2615 1126 2687 init
1148 2615 1189 2688 de
1211 2613 1285 2688 loeo
1308 2617 1368 2713 qai
1391 2617 1577 2692 nominator
1598 2617 1747 2691 {idiotani
1762 2625 1797 2692 et
1819 2639 1882 2715 ego
1897 2617 1995 2693 modo
2017 2618 2137 2694 abitare
2154 2621 2206 2694 ei·

792 2743 874 2816 ‘deor
897 2741 983 2816 iotae
1005 2739 1066 2812 ieta
1088 2739 1253 2814 civitatem
1274 2741 1436 2836 neapolie:
1460 2741 1492 2814 A
1514 2742 1653 2837 pneeenti
1676 2743 1730 2816 die
1752 2743 1969 2840 promtieeima
1992 2741 2206 2818 rohmtatem

793 2870 1013 2965 promittimus
1034 2869 1128 2942 nobie
1150 2868 1282 2944 domino
1305 2868 1460 2944 iohannee
1485 2869 1660 2945 venerabili
1675 2869 1863 2969 preebptero
1877 2895 1976 2969 gneoo
1997 2879 2030 2944 et
2042 2871 2206 2946 monacho

796 2997 994 3091 diapenentor
1016 3006 1049 3070 et
1072 3008 1179 3070 rector
1201 2997 1385 3072 monaeterii
1417 3007 1601 3071 uectorem
1632 2997 1731 3094 eergii
1753 3007 1787 3070 et
1809 2995 1903 3072 beobi
1927 2997 1987 3096 qai
2004 3019 2094 3072 nune
2116 3019 2207 3071 oon-

795 3131 949 3221 gregatne
972 3135 1019 3198 eet
1043 3123 1077 3196 ie
1101 3124 1297 3198 monasterio
1320 3115 1505 3198 ean'etornm
1528 3123 1676 3198 tiaeoderi
1699 3133 1733 3198 et
1756 3123 1927 3198 eebaetieni
1950 3124 2012 3220 qni
2026 3121 2206 3220 appelletur

795 3252 950 3347 eaeapiote
971 3250 1070 3325 eitnm
1094 3251 1129 3322 in
1152 3249 1353 3323 viridiarium
1376 3257 1411 3322 et
1433 3257 1466 3320 at
1488 3257 1584 3320 eunte
1607 3259 1714 3322 eeneta
1737 3261 1771 3322 et
1795 3249 1971 3323 venerabili
1992 3253 2098 3324 neena
2112 3271 2203 3332 oon-2

794 3379 978 3475 gregatione
1005 3377 1237 3452 monachorum
1267 3377 1438 3450 memorati
1465 3377 1565 3450 naneti
1591 3385 1625 3448 et
1654 3373 1845 3450 venerabilia
1869 3378 1981 3450 reetrie
2016 3377 2208 3450 monasterii

631 3565 633 3573 ,
797 3503 992 3596 preeennbne
1024 3511 1057 3575 et
1071 3532 1074 3540 ·
1087 3502 1226 3573 interie‘r
1260 3511 1390 3596 propter
1421 3501 1582 3595 integram
1603 3499 1763 3574 ‘rnoiinnm
1784 3499 1929 3573 bertram
1958 3499 2040 3572 ineie
2068 3521 2210 3574 memo·

797 3628 858 3698 no
887 3629 985 3698 ventri
1007 3625 1191 3698 monasterii
1214 3626 1271 3722 qui
1295 3627 1391 3700 modo
1415 3635 1463 3700 eet
1485 3629 1674 3702 distractam
1704 3625 1844 3722 poeitona
1867 3627 1904 3700 in
1925 3635 2107 3699 memorato
2134 3625 2209 3700 loeo

709 3834 717 3843 ,
797 3747 966 3821 ioliotani:
1001 3773 1081 3846 qnae
1112 3750 1207 3823 nobie
1238 3749 1395 3824 dedietitie
1429 3759 1463 3821 at
1491 3749 1703 3824 ooneiondom
1735 3757 1769 3822 et
1790 3757 1824 3821 at
1845 3749 2077 3825 detinendum:
2105 3747 2144 3822 in
2169 3771 2208 3822 eo
2405 3799 2406 3850 p

795 3873 882 3949 enim
914 3881 1022 3947 tenore
1053 3887 1208 3972 qnatenne
1237 3897 1297 3949 noe
1329 3883 1362 3945 et
1384 3873 1557 3950 beredibne
1578 3876 1696 3950 eoois
1724 3877 1764 3950 da
1784 3874 1839 3952 die
1860 3876 2013 3970 moeentie
2035 3875 2117 3950 idad
2143 3889 2206 3947 et·
2243 3855 2244 3860 ¹
2405 3869 2406 3922 t

795 3999 969 4089 preendero
992 3999 1162 4095 dobaamoe
1185 4011 1218 4071 at
1240 4001 1452 4074 ooneiandom
1483 4008 1517 4071 et
1546 4000 1696 4072 ieeentm
1720 3999 1789 4074 eine
1812 3997 1988 4073 moodendi
2012 4007 2045 4072 et
2075 3997 2206 4071 levandi

795 4131 827 4192 et
840 4121 1005 4198 eoneiandi
1020 4125 1185 4220 quomodo
1207 4125 1381 4200 mernerie:
1407 4133 1440 4199 et
1462 4125 1557 4200 nobie
1579 4123 1652 4197 iltnt
1675 4124 1831 4198 dedietitie
1853 4145 1918 4198 nne
1934 4143 2010 4196 enm
2028 4121 2120 4218 apae
2134 4119 2206 4194 eata

795 4257 827 4319 et
858 4269 1003 4320 oereorae
1026 4271 1099 4322 enee
1121 4259 1155 4320 et
1178 4277 1253 4328 eum
1278 4266 1361 4329 terra
1384 4275 1443 4328 ena
1467 4275 1509 4326 ex
1532 4251 1641 4348 ipenm
1668 4253 1827 4326 moiinom
1850 4251 2044 4348 pertinenter
2068 4257 2100 4321 et
2123 4263 2206 4319 oum

793 4381 877 4444 terra
901 4373 946 4444 ibi
970 4375 1075 4470 ipenm
1098 4377 1154 4450 nbi
1177 4377 1308 4451 ebemee
1339 4377 1432 4452 iliam
1462 4385 1571 4454 orbim
1599 4375 1694 4450 eieati
1717 4376 1876 4448 baean
1910 4376 1967 4448 alii
1994 4371 2204 4447 moiinatoree

792 4502 850 4594 qui
883 4513 955 4574 ante
987 4504 1077 4578 ilium
1111 4516 1309 4580 tenoenrnt:
1343 4518 1376 4580 et
1400 4530 1459 4586 voe
1490 4501 1531 4583 et
1553 4513 1734 4578 memorato
1767 4516 1877 4578 reemo
1906 4511 2086 4590 memorato
2110 4499 2205 4571 nobie

792 4627 867 4695 dare
893 4629 1030 4701 debeatie
1054 4631 1146 4703 ilium
1168 4631 1254 4704 eaioe
1276 4640 1433 4728 quantine
1454 4631 1576 4704 ibidem
1598 4621 1766 4703 neeeeeen
1784 4627 1884 4704 iuen‘m
1899 4651 1960 4725 pro
1978 4624 2201 4699 [revidendum

791 4750 895 4842 ipsum
921 4753 1077 4823 molinum
1102 4756 1195 4826 eieuti
1218 4756 1392 4830 merueris:
1425 4767 1459 4830 et
1486 4755 1580 4830 niun
1612 4753 1739 4828 babone
1763 4753 1872 4828 ambae
1895 4761 2005 4846 pertee
2024 4748 2151 4822 nutrire
2168 4755 2202 4816 et

791 4872 936 4966 pargiare
959 4873 1129 4948 debeamue
1152 4899 1212 4970 per
1234 4876 1437 4984 medietatem
1454 4886 1522 4966 :et
1544 4895 1604 4950 roe
1626 4875 1720 4983 nobie
1742 4875 1818 4950 dore
1842 4873 1982 4964 debeptie
2005 4893 2120 4945 omnes
2133 4870 2200 4943 fer·
