4934 6532
911 649 1055 744 (arr)

856 929 1118 1004 onmxxxvr.
1265 917 1269 922 ’

372 1187 404 1283 †
427 1186 464 1257 ln
488 1187 619 1259 nomino
641 1186 766 1260 domini
790 1187 843 1260 dei
866 1185 1033 1260 sdvntoris
1048 1187 1149 1258 nostri
1165 1187 1260 1260 lhesn
1276 1187 1416 1260 Christi:
1433 1189 1612 1279 imperante
1628 1188 1693 1258 do-
1842 1246 1853 1266 .

277 1313 367 1384 mino
391 1321 501 1383 nostro
524 1313 725 1384 commutire
747 1333 867 1407 magno
890 1313 1083 1408 imperatore
1108 1335 1192 1384 anno
1210 1312 1320 1384 tertio:
1344 1311 1397 1384 dic
1414 1313 1563 1385 vicesima
1581 1315 1692 1406 quinte
1848 1333 1885 1388 5.

275 1437 395 1510 mensis
416 1434 502 1507 iunii
518 1434 694 1508 indictione
709 1437 802 1506 tertia
817 1433 943 1508 decima
959 1434 1107 1530 neapoli:
1135 1435 1267 1507 Certum
1285 1445 1332 1506 est
1348 1457 1401 1507 me
1418 1457 1544 1509 marum
1561 1438 1693 1508 honesta

277 1567 396 1638 lomina
419 1563 483 1638 lilia
504 1567 671 1660 quondam
703 1564 827 1639 domini
860 1574 995 1659 nycetas
1034 1565 1145 1636 relicta
1178 1566 1354 1659 posteriora
1378 1569 1543 1660 quondam
1567 1568 1690 1638 domini

275 1693 408 1765 iohanni
435 1703 653 1788 cognomento
674 1693 890 1766 mannoocia=
916 1693 947 1764 Α
968 1693 1107 1786 presenti
1131 1693 1184 1766 die
1210 1715 1249 1762 en
1272 1693 1360 1786 quod
1384 1702 1419 1762 tu
1443 1694 1602 1785 oydelicet
1625 1695 1692 1762 do-

276 1820 367 1889 mino
391 1820 543 1913 gregorio
566 1819 695 1892 ntemno
719 1839 874 1914 germano
896 1837 972 1888 meo
995 1817 1094 1890 miehi
1118 1817 1248 1890 dedistis
1272 1828 1304 1887 et
1331 1815 1503 1888 tradidistis
1532 1817 1692 1887 chartulas

274 1951 314 2013 et
337 1942 484 2016 molinas
508 1967 589 2037 quas
613 1941 748 2022 iniciius
779 1944 994 2018 nominaliltas
1015 1943 1156 2018 dicimus
1178 1967 1243 2040 que
1266 1945 1325 2015 tivi
1350 1945 1571 2017 recomendsta
1595 1944 1693 2014 abui-

278 2087 352 2139 nnus
376 2069 465 2162 quod
489 2077 535 2140 eat
558 2067 593 2138 in
617 2070 731 2163 primis
753 2069 901 2140 churtulc
925 2068 1052 2163 ryginti
1077 2066 1182 2140 dnos:
1217 2069 1360 2162 qninqnc
1385 2091 1426 2149 ex
1450 2068 1497 2138 eis
1520 2078 1594 2138 sunt
1619 2089 1696 2140 me·

277 2190 366 2262 nnsis
389 2190 430 2262 de
446 2191 560 2264 dornos
583 2202 626 2262 et·
638 2185 871 2274 hereditatibus
893 2213 952 2266 scu
974 2190 1157 2286 hospitibus
1180 2193 1268 2263 etde
1285 2193 1435 2264 serbiset
1454 2191 1581 2264 ancilli:
1602 2203 1693 2264 sexta

277 2339 343 2412 qno
366 2318 449 2388 nnilni
473 2323 556 2388 inotn
580 2343 600 2386 o
622 2325 806 2388 memorato
826 2315 962 2388 donnino
984 2319 1124 2389 iohanne
1147 2319 1320 2410 posteriori
1353 2319 1426 2390 viro
1451 2341 1523 2390 meo
1547 2322 1588 2391 de
1611 2320 1692 2388 duas

276 2437 578 2530 peuimiasseneaa
601 2435 700 2507 etde
724 2437 840 2506 omnen
858 2455 981 2527 pennos
1005 2455 1118 2505 meos:
1144 2439 1279 2529 septima
1303 2441 1448 2510 charmla
1474 2465 1556 2535 quas
1577 2445 1695 2513 iterum

277 2563 360 2638 mini
383 2565 529 2636 lecerunt
552 2561 726 2656 stephanus
742 2572 775 2633 et
790 2584 874 2633 euna
889 2559 1050 2658 germanis
1066 2557 1140 2634 liliis
1155 2560 1280 2634 domini
1298 2561 1429 2633 iclianni
1450 2569 1636 2636 manuoccia
1652 2569 1693 2635 dc

280 2689 352 2760 anm
375 2685 497 2760 solidos
518 2683 663 2789 ryginti:
688 2683 826 2756 hoctelta
849 2705 929 2756 uero
946 2681 1091 2756 charonis
1108 2683 1287 2756 securitatis
1304 2682 1344 2756 de
1361 2683 1523 2756 solareum
1538 2685 1578 2756 de
1595 2689 1693 2759 domo

276 2811 418 2906 positum
441 2811 475 2881 in
498 2816 591 2904 porta
610 2808 773 2882 noireme:
798 2831 965 2904 quemque
981 2817 1014 2881 et
1030 2809 1071 2880 dc
1087 2807 1232 2882 chamnla
1249 2813 1289 2883 do
1305 2810 1398 2883 terris
1414 2812 1454 2885 de
1469 2813 1690 2905 pessimiora:

278 2946 312 3008 ct
327 2932 391 3006 alie
404 2933 468 3006 dne
483 2931 524 3005 de
548 2933 643 3007 terris
667 2933 707 3006 dc
730 2931 886 3028 gusldum
904 2931 997 3004 tertia
1010 2931 1135 3005 decima
1151 2930 1297 3006 ohortula
1314 2934 1390 3006 iecit
1403 2935 1504 3007 marm
1520 2935 1693 3010 christiana

278 3069 311 3130 at
334 3060 473 3142 ifflsnne
496 3061 571 3135 viro
592 3083 674 3134 suo:
698 3070 813 3156 qrrarta
837 3059 962 3132 decima
985 3060 1099 3158 ltaque
1116 3057 1263 3134 maenala
1278 3063 1501 3156 promissionis
1524 3085 1589 3159 que
1613 3065 1690 3134 lecit

276 3190 430 3284 gregorio
455 3187 524 3263 tilio
546 3189 655 3264 sillicti
669 3189 792 3286 nagmo
807 3187 849 3260 nd
864 3189 1008 3286 atigerno
1025 3209 1180 3284 germano
1195 3209 1267 3262 suo:
1284 3191 1398 3285 quinte
1411 3191 1534 3264 decime
1551 3215 1692 3288 numque

275 3315 420 3390 chartule
445 3316 485 3390 dc
508 3317 661 3392 inndoros
683 3317 724 3390 de
742 3318 837 3390 terris
851 3317 892 3391 dc
913 3317 987 3390 loro
1009 3317 1173 3392 casandri:
1202 3326 1236 3388 et
1252 3325 1316 3390 tres
1330 3317 1474 3390 clmrcnle
1490 3319 1548 3414 qui
1563 3330 1638 3391 sunt
1653 3321 1694 3391 de

273 3445 409 3518 mulas
431 3468 498 3519 nnc
520 3456 553 3519 at
575 3445 707 3520 nomine
730 3445 833 3518 maria
860 3455 893 3520 et
920 3443 984 3518 alin
1007 3454 1041 3516 at
1070 3447 1202 3520 nomine
1229 3467 1358 3518 marum
1390 3465 1425 3518 et
1448 3445 1518 3540 ipsa
1542 3452 1637 3520 tertia
1661 3461 1696 3520 at

274 3569 405 3640 nominc
429 3568 520 3643 clicri
536 3568 729 3646 renereniln
742 3567 885 3643 altana:
906 3591 995 3642 nona
1010 3570 1135 3645 decimu
1150 3569 1295 3644 chortulu
1309 3572 1568 3667 mariumque
1582 3576 1692 3667 posuit

272 3692 327 3764 illo
348 3693 570 3788 buconpiotula
591 3693 634 3764 nd
655 3693 705 3765 ilii
726 3696 856 3789 cnpnti:
891 3717 950 3768 sen
973 3706 1007 3769 et
1029 3719 1133 3770 unum
1156 3697 1348 3790 dispon'lunn
1371 3707 1405 3767 et
1428 3697 1492 3768 alia
1516 3719 1582 3771 una
1597 3700 1693 3769 ohar-

272 3817 711 3915 tmmfflioaattgamnm
727 3821 906 3895 liolnninmn:
924 3821 1693 3920 vyessimasconndachnrtulsintnmoscripts

273 3947 315 4021 do
338 3947 402 4022 illis
425 3947 521 4022 terris
543 3947 585 4020 dc
607 3948 772 4021 territorio
793 3949 937 4022 nolano:
973 3959 1006 4019 et
1035 3971 1105 4020 nnn
1135 3948 1274 4022 berlum
1296 3947 1491 4042 sigillatum:
1521 3955 1554 4018 et
1576 3949 1691 4022 notitia

272 4077 315 4148 de
336 4075 431 4148 torris
454 4073 495 4148 de
516 4073 590 4148 loco
614 4075 790 4171 gunldnm:
814 4086 847 4148 et
870 4076 910 4148 sle
933 4071 1132 4169 pnsnlnmioln
1157 4075 1344 4168 {torumque
1366 4071 1496 4148 dedistis
1524 4082 1558 4145 et
1581 4077 1689 4148 tradi-

272 4197 363 4271 distis
387 4196 489 4272 miclri
512 4207 546 4271 ct
569 4205 672 4270 unum
694 4195 822 4292 prriurn
846 4196 886 4268 de
904 4193 1047 4290 pinnulis
1073 4193 1179 4268 aurcis
1195 4197 1341 4291 pensanti
1355 4197 1427 4268 euri
1441 4197 1561 4270 solidos
1576 4199 1688 4274 decern

270 4331 305 4394 et
327 4333 449 4420 septem
471 4325 513 4398 dc
537 4323 600 4396 tarr
624 4345 684 4396 ann
706 4329 845 4419 qtratucr
867 4321 929 4394 teri
952 4345 1011 4416 per
1034 4321 1198 4395 solidnm:
1226 4333 1260 4395 et
1283 4324 1347 4398 dne
1369 4325 1516 4422 pelliceis
1541 4328 1642 4402 sorice
1658 4341 1692 4402 et

270 4473 336 4526 una
357 4450 482 4526 btrllosn
504 4459 632 4526 moncia
656 4471 820 4548 quamque
843 4458 877 4523 et
899 4457 963 4524 ires
985 4451 1131 4547 pelliceis
1155 4461 1188 4524 et
1210 4477 1275 4526 nna
1299 4455 1417 4526 camma
1437 4464 1471 4527 ot
1485 4479 1554 4528 unu
1568 4457 1689 4530 bitnula

270 4583 304 4647 at
325 4575 426 4648 ieroln
448 4597 507 4648 seu
529 4584 562 4646 et
584 4595 649 4646 uno
672 4573 784 4646 limuln
807 4574 849 4646 da
864 4573 1003 4646 uincire:
1030 4583 1062 4646 et
1084 4573 1231 4672 quinque
1254 4577 1327 4652 lonc
1350 4577 1458 4652 linocs
1483 4589 1517 4650 et
1533 4581 1597 4654 due
1610 4581 1688 4676 pla-

270 4697 346 4771 ione
368 4705 401 4768 et
426 4719 495 4772 unu
530 4717 638 4791 pennu
670 4695 711 4768 de
741 4693 868 4769 bulloss
898 4693 1025 4770 subtilis
1058 4705 1092 4770 et
1120 4707 1249 4772 menate
1279 4708 1313 4772 et
1340 4700 1545 4796 incmetergia
1568 4711 1633 4776 tres
1656 4720 1688 4776 et

270 4847 338 4900 unu
370 4826 600 4900 circinaturum
629 4847 688 4900 scu
719 4831 753 4901 ct
775 4847 845 4898 unu
866 4823 1003 4896 lnillatrr:
1039 4835 1073 4898 et
1101 4837 1167 4900 tres
1189 4828 1341 4900 ramola:
1377 4839 1412 4902 ct
1440 4853 1511 4905 unu
1533 4833 1686 4907 lrliudone

269 4979 329 5034 nec
350 4977 417 5030 nnn
441 4963 473 5028 et
495 4977 561 5030 una
584 4954 682 5030 ieseia
706 4975 790 5028 vona
806 4960 838 5027 ct
862 4973 926 5026 una
949 4953 1113 5030 numana
1135 4955 1288 5030 culcitra:
1312 4965 1345 5031 et
1368 4981 1438 5037 nnn
1460 4962 1685 5034 comunicale:
