4896 6522
915 565 1035 664 (4⁷)

269 732 345 804 dere
269 729 428 804 duud
448 725 643 808 infiduciare
652 683 758 824 neque
772 721 1016 820 aliquommodo
1029 719 1102 796 illos
1113 711 1233 796 scriure
1246 723 1312 796 aud
1328 723 1468 810 ulierrme
1490 743 1550 822 per
1563 729 1690 802 uallum

270 855 415 930 modum.
439 865 488 929 set
509 837 569 951 p'er
592 877 653 928 erre
676 852 856 928 chartulam
873 848 961 922 stetit
983 847 1076 956 uobis
1094 857 1127 924 et
1149 852 1316 928 firmamus
1339 853 1425 930 ud
1398 877 1426 928 ιι
1442 855 1483 928 de
1497 875 1551 926 me
1575 854 1628 928 vet
1648 857 1690 929 de
1769 903 1778 920 ,

269 985 350 1058 meis
372 985 514 1080 propriis
536 981 710 1056 heredibus
732 977 920 1053 bominibus
943 950 1114 1052 memorati
1136 979 1236 1052 vestri
1258 983 1444 1058 monosterii
1460 1005 1526 1056 nou
1548 1003 1685 1056 remeu-

269 1113 357 1186 serid
380 1112 446 1184 sud
468 1111 575 1185 tuerid
600 1110 770 1206 proprium
791 1106 945 1182 heredem
967 1104 1029 1202 qui
1042 1103 1124 1181 iilud
1136 1105 1331 1182 berediteut.
1348 1119 1459 1186 stunc
1474 1109 1598 1207 integre
1612 1131 1689 1183 me-

216 1285 219 1290 *
271 1243 396 1310 morata
419 1243 506 1308 terra
525 1241 635 1306 vestra
658 1232 799 1330 qualiter
819 1229 877 1302 illa
899 1251 958 1324 per
980 1236 1173 1302 memoratas
1195 1230 1395 1304 coherentias
1424 1233 1691 1330 exegregavimus

271 1363 318 1438 ud
340 1385 439 1457 super
461 1360 580 1458 legitur
602 1383 667 1434 une
689 1379 765 1441 eum
780 1356 950 1430 arboribus
974 1364 1007 1428 et
1027 1359 1197 1432 introitum
1220 1379 1279 1430 sua
1302 1359 1517 1454 omnibusque
1539 1363 1587 1436 eis
1609 1385 1691 1457 per-

271 1483 457 1556 tinentibus
480 1489 611 1554 etcum
634 1481 725 1551 omni
748 1501 807 1552 sue
829 1477 1125 1568 remelioratiouem
1155 1482 1192 1550 in
1215 1479 1344 1575 integro
1375 1493 1408 1556 et
1439 1483 1559 1580 absque
1582 1485 1690 1558 omnia

273 1604 475 1678 minuitatem
497 1601 659 1701 rebertent
682 1598 801 1672 etsist
824 1600 864 1672 de
886 1607 1069 1672 memorato
1083 1607 1194 1672 sancto
1226 1611 1259 1672 et
1283 1604 1459 1676 venerabili
1482 1617 1591 1680 vestro
1614 1633 1694 1683 mo-

273 1732 414 1806 nasterio
437 1731 528 1804 cuius
551 1729 624 1802 iure
648 1751 741 1802 exsse
756 1727 892 1802 ¹videtur
915 1729 1052 1802 faciendi
1076 1726 1195 1800 exinde
1219 1729 1330 1798 omniu
1353 1751 1418 1822 qua
1432 1727 1599 1802 volueritis
1623 1743 1689 1804 eta

274 1869 353 1931 tune
376 1880 434 1930 ιοι
456 1867 488 1930 et
511 1859 649 1952 posteris
671 1857 786 1930 vestris
809 1857 938 1930 nomini
958 1879 1033 1930 meo
1057 1862 1104 1930 et'
1120 1856 1161 1926 de
1185 1856 1318 1952 quidem
1349 1853 1451 1928 meria
1473 1857 1594 1930 coniux
1617 1881 1690 1930 mea

274 1982 415 2054 scrivere
438 1981 596 2052 iaciatis'
583 2003 619 2052 m
642 2001 750 2055 sacros
774 1979 911 2074 dipticos
942 1955 1114 2050 memorati
1136 1980 1246 2050 vestri
1277 1979 1473 2051 monosterii.
1504 1981 1637 2076 iusuper
1660 1993 1694 2056 et

274 2131 333 2202 per
356 2131 415 2180 ane
438 2107 619 2180 chartulam
641 2107 803 2204 promicto
826 2107 919 2180 vobis
942 2105 1038 2178 ud'
1010 2128 1039 2178 ιι
1063 2128 1126 2210 ego
1148 2105 1213 2176 aud
1245 2107 1326 2178 meis
1357 2104 1498 2202 propriis
1520 2107 1693 2182 heredibus

276 2232 446 2331 aliquando
470 2241 617 2328 tempore
641 2233 775 2329 aliquod
798 2233 872 2307 ιιι
861 2253 932 2326 rpsa
953 2241 1039 2305 terre
1063 2215 1287 2306 semaberimus
1320 2229 1386 2308 eud
1420 2231 1602 2308 dederimus
1625 2237 1695 2314 sibe
1766 2239 1774 2252 '

203 2329 211 2352 ⁸
274 2373 342 2434 tota
365 2371 544 2434 memoratu
568 2369 654 2434 terra
675 2361 730 2435 vel
753 2383 797 2432 ex
819 2367 909 2453 parte
932 2381 992 2454 per
1014 2359 1131 2455 quobis
1153 2361 1299 2434 modum
1328 2371 1448 2435 etune
1475 2363 1639 2438 licentiam
1662 2375 1695 2438 et

278 2491 467 2578 potestatem
492 2483 611 2556 abeatis
633 2503 693 2558 vus
717 2489 750 2558 et
771 2483 910 2578 porteris
932 2484 1048 2558 vestris
1072 2483 1129 2554 illa
1151 2484 1360 2577 atpreeudere
1386 2485 1433 2556 ud
1447 2487 1578 2580 propria
1601 2507 1696 2558 cama

279 2594 386 2684 vestra
410 2619 443 2683 et
465 2635 485 2684 e
507 2621 586 2686 tuuc
608 2612 643 2684 in
664 2620 772 2700 vestra
803 2611 1002 2709 vestrisque:
1025 2609 1162 2704 posteris
1185 2616 1428 2704 memoratoque
1446 2616 1558 2682 'vestro
1580 2631 1697 2694 mouu-

279 2735 380 2807 sterio
403 2734 468 2808 siut
488 2741 678 2828 potestatem
701 2733 841 2808 faciendi
872 2755 938 2830 que
969 2711 1149 2807 valueritis.
1184 2739 1233 2804 set
1265 2731 1344 2804 dum
1368 2754 1432 2826 ego
1454 2738 1488 2802 et
1509 2729 1591 2802 meis
1613 2753 1696 2824 pro-

277 2859 357 2956 priis
379 2858 553 2933 heredibus
586 2883 625 2930 sc
655 2858 839 2954 nepotibus«
856 2855 1000 2954 propriis
1030 2853 1219 2928 bominibus
1249 2854 1418 2927 memorati
1451 2852 1550 2946 vestri
1576 2875 1697 2926 mona-

278 2987 369 3061 sterii
391 2985 447 3059 illa
479 2987 713 3061 detinuerimus
745 2987 792 3059 ud
822 3007 920 3082 super
949 2982 1070 3082 legitur
1093 3007 1153 3080 per
1185 2983 1276 3054 omni
1300 3003 1405 3052 annue
1437 2978 1633 3054 vobisdum
1665 2987 1698 3050 et

279 3109 421 3202 dirigere
445 3109 619 3180 debeamus
642 3118 861 3183 memoratum
883 3116 953 3178 tere
976 3089 1080 3180 uurrm
1103 3105 1138 3178 in
1163 3127 1243 3179 auro
1263 3104 1387 3176 bouum
1402 3105 1442 3176 de
1459 3103 1554 3198 quate
1568 3113 1699 3178 moneta

279 3231 368 3300 bona
402 3239 482 3302 tuuc
505 3230 672 3300 enumeris
703 3253 764 3323 per
801 3230 862 3302 ista
896 3230 1083 3328 civitatem„
1100 3231 1199 3304 boeto
1227 3226 1298 3300 dies
1330 3235 1403 3298 ante
1437 3236 1617 3312 memorata
1646 3225 1701 3298 ie-

263 3347 474 3431 'stivitatem
519 3363 552 3424 et
582 3352 610 3423 si
642 3351 952 3448 preburicaberimus
990 3363 1168 3440 memorata
1204 3351 1418 3426 festivitatem.
1451 3360 1484 3422 et
1515 3355 1606 3422 ariter
1637 3371 1703 3420 nou
1834 3395 1840 3408 ι

283 3477 467 3550 dederimus
489 3478 582 3550 vobis
606 3465 822 3552 memoratum
844 3489 923 3551 tare.
948 3491 1027 3552 tunc
1050 3480 1215 3553 licentiam
1239 3488 1272 3548 et
1294 3487 1483 3572 potestatem
1498 3477 1618 3548 abeatis
1641 3499 1701 3549 vos

283 3609 315 3669 et
337 3605 516 3670 memorato
539 3608 648 3670 vestro
672 3601 869 3673 monasterio
891 3599 971 3672 illuc
995 3601 1146 3696 dirigere.
1172 3612 1206 3672 et
1228 3623 1287 3676 uos
1310 3602 1482 3696 pignorare
1505 3597 1563 3676 ubi
1580 3602 1701 3675 volue-

283 3721 362 3792 ritis.
386 3719 522 3815 iusuper
547 3721 768 3840 etdicentium
792 3731 825 3794 et
846 3729 1036 3818 patestatem
1060 3723 1181 3796 abeatis
1205 3722 1408 3798 scubaliicare
1424 3723 1459 3796 in
1474 3745 1562 3798 casas
1577 3732 1702 3796 nostras
1792 3817 1793 3820 Ἴ

284 3857 316 3916 et
338 3868 397 3918 nes
421 3847 515 3920 vobis
538 3849 592 3920 vel
615 3841 655 3920 dd
679 3849 726 3920 eis
749 3871 814 3946 que
838 3849 917 3922 illuc
940 3849 1119 3949 dbireritis
1141 3861 1175 3924 et
1198 3861 1231 3922 at
1254 3851 1393 3924 caballos
1408 3860 1534 3925 vestros
1552 3853 1609 3924 vel
1623 3871 1699 3922 sua-

283 3997 357 4052 rum
380 3978 574 4048 manducare
605 3987 639 4050 et
670 3977 781 4050 vibere
805 3977 882 4048 dare
913 3977 1088 4052 debeamus
1121 3975 1213 4050 sicud
1246 3976 1369 4049 iustum
1405 3976 1511 4048 iuerid
1542 3975 1621 4068 quia
1654 3973 1701 4046 ita
1756 4009 1760 4018 ·

283 4107 331 4176 sie
353 4104 447 4176 uubis
469 4105 577 4176 stetitz
603 4105 639 4176 Si
663 4115 771 4178 autam
794 4129 857 4202 ego
881 4105 945 4179 eud
969 4106 1051 4182 meis
1074 4105 1247 4178 heredibus
1271 4103 1388 4200 quubis
1415 4111 1560 4194 tempore
1592 4105 1705 4172 contra

221 4231 226 4238 '
286 4250 346 4298 auc
369 4225 550 4301 chartulam
573 4229 617 4300 ud
640 4229 878 4322 supertegitur
898 4229 1012 4301 benire
1034 4225 1306 4324 presumserimus
1330 4239 1362 4300 et
1384 4227 1518 4300 minime
1545 4223 1702 4320 adimple·

147 4379 152 4386 ·
283 4357 429 4428 berimus
453 4351 604 4430 omuibus
626 4353 812 4458 memoratis
834 4375 896 4447 per
917 4355 1034 4447 quubis
1056 4355 1193 4428 modum
1219 4354 1281 4426 eud
1305 4353 1509 4426 smnmissam
1532 4371 1703 4447 personam

285 4492 363 4554 tuuc
386 4501 549 4574 compono
574 4501 636 4575 ego
660 4487 693 4551 et
716 4478 798 4552 meis
812 4479 952 4573 propriis
974 4479 1150 4552 heredibus
1173 4479 1481 4578 vobis'posterisque
1496 4477 1613 4551 vestris
1628 4496 1705 4545 me-

284 4616 476 4702 moratoque
500 4613 608 4680 vestro
630 4605 827 4678 monasterio
851 4605 946 4678 cuius
967 4599 1156 4680 homiuibus
1179 4629 1291 4680 sumus
1315 4609 1387 4680 auri
1419 4603 1539 4678 solidos
1571 4584 1705 4697 triginta

268 4733 510 4828 bytbiuutheos
533 4743 566 4807 et
589 4757 626 4805 ec
649 4733 793 4806 charada
817 4741 878 4805 ut
869 4755 966 4828 super
989 4732 1110 4828 legitur
1132 4733 1175 4806 sit
1189 4733 1281 4804 firma
1295 4733 1412 4825 scriptu
1426 4753 1486 4824 per
1500 4748 1613 4800 manus
1629 4747 1706 4799 ma-

288 4855 357 4930 stali
381 4857 521 4934 ductoris
543 4856 689 4954 primarii
713 4856 858 4932 scrivere
877 4863 1008 4953 rogatu
1030 4875 1090 4952 per
1113 4861 1290 4931 memorata
1311 4874 1398 4928 none
1421 4837 1645 4944 ἰιιιιιιίιιιιιίι
