4888 6528
872 559 1014 718 (aas)

254 792 323 849 unu
347 777 449 870 capite
473 781 559 848 terra
583 769 669 848 unde
693 775 914 848 causationem
937 775 1130 852 haberemus
1156 798 1231 848 cum
1251 785 1342 873 parte
1359 777 1508 850 iamdiete
1524 781 1669 852 moleste.

256 901 320 970 aliu
345 901 449 993 capite
472 911 557 971 terra
582 899 792 994 suprascripti
817 897 966 972 lamberti
997 900 1116 972 habent
1148 925 1208 996 per
1234 901 1359 995 singula
1389 904 1492 996 capita
1516 925 1574 996 per
1598 914 1670 972 tra·-

253 1024 383 1094 bersum
407 1047 518 1118 pamas
543 1025 674 1118 triginta
699 1033 732 1094 et
754 1023 830 1096 duo.
856 1026 978 1099 Octaba
1001 1027 1086 1119 petia
1102 1047 1167 1122 que
1183 1027 1303 1097 dicitur
1324 1028 1363 1098 de
1380 1025 1466 1096 bassi
1482 1027 1671 1121 presbytera
1719 1054 1726 1068 ·

255 1143 374 1217 habent
396 1145 470 1217 linis
494 1148 534 1216 de
558 1167 628 1218 unu
651 1145 750 1219 latere
774 1153 859 1218 terra
883 1147 1092 1241 suprascripti
1115 1145 1218 1219 inbini
1242 1158 1275 1220 et
1298 1147 1462 1220 lamberti.
1480 1149 1547 1220 aliu
1572 1149 1671 1222 latere

254 1267 438 1363 sadsmipta
461 1270 616 1342 intersicu
640 1279 674 1341 et
699 1278 782 1343 terra
806 1269 943 1342 maraldi
959 1267 1086 1342 -babe'n't
1108 1293 1167 1364 per
1190 1269 1319 1365 singula
1341 1271 1440 1344 latera
1470 1271 1505 1342 in
1537 1257 1677 1367 longum¹

254 1417 366 1487 passus
390 1397 625 1492 quinquaginta
649 1379 682 1468 et
705 1397 833 1468 nobem.
859 1421 927 1470 unu
950 1399 1053 1492 capite
1077 1408 1187 1470 tenent
1209 1400 1244 1470 in
1267 1399 1480 1494 suprascripta
1504 1399 1557 1470 via
1581 1422 1672 1471 com-

255 1549 354 1620 mune
376 1525 496 1598 habent
520 1528 594 1596 inde
616 1547 728 1620 passus
752 1526 868 1619 viginti
892 1534 925 1594 et
948 1527 1079 1620 nobem,
1112 1527 1180 1597 aliu
1211 1527 1314 1618 capite
1351 1537 1438 1598 terra·
1464 1527 1672 1622 suprascripti

254 1653 402 1727 lamberti
426 1663 458 1723 et
483 1653 548 1726 line
572 1661 658 1724 terra
682 1651 734 1724 de'
747 1651 957 1748 suprascripti
988 1651 1049 1723 lilii
1074 1653 1228 1723 dominici
1256 1653 1374 1722 habent
1405 1640 1522 1723 exinde
1559 1675 1670 1744 passus

255 1779 371 1872 uiginti
396 1787 429 1848 et
452 1801 510 1852 sex
533 1777 644 1875 gubita
668 1777 755 1850 dua!
777 1777 849 1874 lpsa
873 1776 956 1848 iuter
980 1799 1015 1849 se
1039 1774 1150 1870 ibique
1173 1775 1344 1870 coniuncta
1376 1776 1450 1846 bnis
1481 1775 1599 1846 babent
1631 1783 1671 1852 de

252 1913 321 1974 unu
344 1905 442 1977 latere
466 1907 530 1978 fine
561 1905 777 2000 suprascripta
809 1905 906 1998 petia.
936 1904 1006 1975 aliu
1028 1903 1127 1975 latere
1150 1913 1235 1974 terra
1258 1905 1402 1976 eiusdem
1427 1905 1574 1978 moraldi.
1601 1926 1671 1979 unu

250 2029 354 2121 eapite
378 2039 488 2102 tment
510 2034 545 2102 in
568 2033 781 2126 suprascripta
795 2031 849 2103 via
866 2051 1048 2103 commune.
1063 2030 1128 2102 aliu
1146 2031 1249 2124 capite
1267 2040 1351 2102 terra
1367 2034 1576 2128 suprascripti
1591 2057 1668 2106 ma-

250 2157 331 2230 raldi
355 2157 475 2229 habent
499 2181 558 2251 per
572 2153 709 2254 'singula
732 2159 831 2231 latera
854 2159 888 2230 iu
912 2159 1046 2253 longum
1069 2181 1178 2252 passus
1202 2157 1317 2252 viginti
1333 2169 1365 2230 et
1379 2183 1446 2232 sex.
1472 2173 1504 2231 et
1519 2185 1577 2252 per
1597 2167 1670 2233 sin-

250 2286 325 2378 gula
347 2285 450 2380 capita
467 2307 526 2378 per
542 2285 719 2358 trabersuan
737 2286 856 2358 babent
870 2305 982 2380 passus
996 2297 1127 2384 septem.
1141 2287 1236 2408 Nona
1250 2289 1335 2383 petia
1349 2287 1467 2360 dicitur
1487 2300 1520 2360 at
1536 2301 1666 2362 centurn

251 2409 368 2482 habeat
401 2413 474 2484 linis
505 2410 637 2483 deuna
661 2411 758 2480 latere
781 2417 867 2480 terra
891 2413 1104 2506 suprascripte
1127 2415 1261 2486 ecclesie
1285 2421 1394 2485 sancte
1418 2416 1518 2485 marie
1553 2413 1671 2488 habent

252 2535 327 2606 inde
350 2533 386 2604 iu
409 2534 547 2626 longum
571 2553 681 2626 passus
705 2533 921 2628 quadraginta
944 2539 978 2602 et
1001 2556 1112 2604 unum.
1137 2533 1204 2604 aliu
1227 2534 1326 2604 latere
1354 2545 1440 2604 terra
1461 2537 1669 2630 *suprascripti

250 2659 388 2730 nantaldi
412 2659 531 2732 habent
552 2661 629 2731 inde
651 2681 764 2753 passus
786 2659 998 2754 quadraginta
1021 2659 1099 2730 dua.
1124 2681 1194 2730 unu
1218 2659 1321 2752 capite
1349 2665 1444 2728 terra·
1461 2663 1668 2778 suprascripti

250 2786 389 2863 marcidi
411 2785 531 2856 habent
554 2785 629 2857 inde
653 2807 711 2879 per
736 2783 918 2856 trabersuru
939 2802 1050 2876 passus
1073 2779 1207 2876 triginta
1229 2782 1337 2853 hecto.
1363 2781 1430 2854 aliu
1453 2783 1556 2876 capite
1584 2797 1675 2886 terra

249 2913 354 2983 iubini
377 2912 436 2984 lilii
457 2912 543 3007 petri
564 2911 703 2984 habente
727 2912 802 2985 inde
826 2911 937 3006 pasius
960 2911 1101 3008 triginta.
1124 2921 1157 2984 et
1179 2919 1254 2984 sunt
1277 2921 1310 2982 at
1334 2931 1483 2983 mensura
1506 2913 1546 2985 de
1570 2935 1665 3007 passu
1816 2947 1821 2956 ·

249 3039 379 3115 landoni
403 3039 523 3112 seniori
547 3041 678 3112 castaldi
702 3051 883 3112 mensurate
907 3051 1008 3113 erant.
1032 3040 1094 3112 hec
1117 3047 1226 3112 autem
1249 3042 1396 3134 superius
1419 3041 1504 3113 dicte
1520 3051 1611 3112 curte
1635 3053 1668 3110 et

250 3167 344 3235 terris
367 3165 508 3259 qualiter
532 3167 682 3258 superius
705 3167 745 3238 de
769 3168 833 3238 line
856 3165 891 3236 in
910 3167 974 3236 fine
989 3164 1128 3237 indicate
1144 3175 1175 3238 et
1190 3175 1373 3236 mensurate
1389 3177 1488 3236 erant.
1503 3189 1569 3236 una
1591 3189 1666 3238 eum

249 3294 381 3362 arbores
404 3303 537 3364 etcum
562 3295 670 3364 omnia
702 3294 789 3364 intro
823 3293 1014 3366 habentibus
1046 3291 1155 3366 subter
1180 3294 1232 3364 vel
1256 3315 1353 3386 super
1376 3303 1409 3362 et
1432 3314 1507 3362 cnm
1531 3293 1584 3363 vie
1607 3309 1664 3362 sue

247 3419 390 3492 intrandi
414 3430 447 3490 et
471 3421 610 3492 exiendi.
635 3434 750 3495 cuncta
775 3421 956 3526 etintegra
973 3423 1196 3495 eademcurtc'
1206 3433 1239 3494 et
1255 3423 1350 3492 terris
1373 3421 1553 3515 michi-qui
1569 3437 1666 3514 supra

245 3547 332 3640 petri
365 3546 479 3616 comiti
511 3545 600 3637 ipsos
632 3547 778 3617 inclitum
813 3548 998 3617 donauerat.
1023 3559 1059 3617 ae
1081 3549 1313 3641 possessionem
1337 3565 1441 3618 meam
1457 3556 1497 3618 'et
1524 3548 1564 3618 de
1587 3543 1666 3617 meis

244 3671 419 3743 heredibus
443 3667 581 3740 habendi
605 3679 638 3739 et
660 3669 850 3762 possidendi
871 3679 903 3768 et
926 3669 1065 3742 faciendi
1090 3671 1206 3740 exinde
1230 3671 1340 3738 omnia
1363 3685 1428 3762 que
1444 3669 1537 3740 nobis
1556 3669 1664 3764 place-

245 3807 306 3866 ret.
341 3769 425 3867 uhde
457 3793 660 3887 infrascripte
693 3792 766 3864 linis
790 3803 823 3862 et
846 3793 1005 3864 mensuris
1028 3793 1091 3863 sibi
1114 3815 1174 3863 nec
1198 3791 1375 3863 alicuilibct
1397 3793 1514 3863 exinde
1543 3795 1664 3864 nullam

245 3921 473 3992 reserbaverat.
498 3933 546 3990 set
570 3927 723 3991 cunctum
747 3929 780 3990 et
804 3919 968 4013 integrum
992 3918 1079 4012 ipsus
1103 3915 1185 3988 mihi
1202 3921 1377 3989 donaverat
1392 3915 1564 3992 utdi'ctum
1578 3926 1658 3986 erat.

244 4058 278 4120 et
303 4071 361 4141 per
384 4048 495 4118 eadem
519 4067 653 4118 suorum
677 4046 849 4117 donatione
873 4047 1126 4116 confirmandam
1150 4045 1265 4116 iustam
1289 4044 1395 4136 legem
1420 4019 1565 4150 nostram
1585 4043 1662 4112 lan*

244 4175 464 4268 gobardorum
495 4173 661 4267 launegild
695 4181 858 4266 receperat
890 4171 968 4265 ipsis
992 4173 1062 4265 qui
1075 4195 1176 4268 supra·
1196 4172 1302 4242 aloara
1326 4181 1359 4243 et
1383 4169 1585 4242 landenollus
1603 4172 1661 4272 dei

245 4303 349 4395 gratia
373 4299 583 4394 principibus.
610 4309 716 4367 tamen
739 4297 808 4387 ipsa
830 4316 895 4388 que
917 4319 1015 4390 supra
1038 4296 1145 4369 aloaru
1169 4297 1357 4390 principissa
1381 4311 1458 4368 cum
1487 4295 1662 4367 volumtate

244 4425 456 4519 suprascripti
479 4421 654 4495 landenelli
677 4417 831 4515 principis
854 4427 887 4489 et
909 4420 1014 4512 gisolfi
1036 4419 1148 4498 dilecti
1167 4422 1226 4494 filii
1249 4431 1283 4492 et
1299 4419 1585 4494 mundoaldsuia
1608 4439 1661 4486 me

243 4551 304 4643 qui
340 4571 436 4642 supra
468 4557 595 4641 petrum
619 4543 749 4616 comita.
784 4542 849 4612 hoc
883 4551 933 4612 est
955 4538 1117 4610 mantaioti
1139 4541 1269 4631 parium
1284 4565 1395 4640 'uuum
1419 4538 1566 4610 inomni
1596 4538 1660 4608 de'-
1763 4571 1766 4582 ·

176 4693 181 4702 '
244 4682 366 4752 cisione
390 4703 428 4748 ea
451 4647 575 4747 ratione
600 4681 757 4768 quatenus
779 4670 898 4741 amodo
920 4677 954 4739 et
976 4685 1111 4760 semper¹
1128 4689 1190 4760 ego
1213 4666 1271 4760 qui
1294 4687 1390 4759 supra
1414 4673 1525 4759 petrus
1544 4683 1658 4735 eomes

245 4819 277 4877 et
301 4829 390 4880 mens
422 4803 557 4874 heredes
587 4799 722 4872 tirmiter
751 4794 944 4866 haberemus
967 4802 1000 4866 et
1022 4790 1257 4888 possideremus
1289 4793 1411 4888 integra
1446 4793 1657 4886 suprascripta

245 4953 380 5004 suerum
410 4927 580 5002 donatione
611 4933 645 4996 et
675 4925 858 4998 laceremus
879 4918 996 4994 exinde
1028 4937 1093 5014 que
1116 4917 1210 4991 nobis
1234 4915 1391 5012 placeret:
1418 4928 1450 4991 et
1474 4916 1656 5014 obligarent
