4888 6528
933 525 1076 624 (aaa)

285 684 343 779 qui
365 663 458 754 nohis
477 679 684 754 obbeneruut
707 695 767 776 pro
791 688 881 775 perte
904 678 1057 775 predicte·
1070 683 1227 760 hecclesie
1249 693 1359 760 nosue
1382 691 1482 762 saneti
1498 693 1646 770 iohannis
1670 701 1710 772 dc

287 811 411 908 aquola.
430 817 462 880 et
475 811 576 881 sancti
592 810 676 904 petri
691 810 828 904 apostoli
851 810 892 884 de
916 833 1015 884 seres.
1041 820 1073 884 et
1088 813 1282 888 raclmamus
1296 815 1389 890 vohis
1404 815 1521 890 exinde
1536 819 1620 914 ipsas
1634 823 1711 896 lines

286 938 426 1033 qualiter
451 945 484 1011 et
507 940 676 1034 quomodo
699 961 754 1012 ees
777 937 897 1012 babere
920 947 953 1012 et
976 941 1138 1034 possidere
1154 942 1287 1020 debeas.
1312 970 1331 1015 a
1356 967 1453 1040 supra
1469 969 1616 1042 namque
1647 973 1713 1043 po-

287 1066 376 1137 nitur
400 1065 458 1138 fini
482 1068 551 1160 ipsa
575 1067 631 1139 via
654 1067 786 1162 puplica
810 1077 843 1138 et
866 1066 954 1140 viam
977 1069 1094 1141 exinde
1117 1069 1244 1142 habetis
1259 1073 1299 1145 de
1314 1073 1428 1146 subtus
1450 1074 1561 1169 itaque
1584 1078 1714 1168 ponitur

288 1191 409 1265 iterum
434 1193 491 1264 tini
514 1193 568 1264 via
592 1192 720 1288 puplica
745 1203 778 1268 et
799 1195 961 1288 plenarius
984 1197 1053 1288 ipse
1076 1217 1190 1270 murus
1213 1195 1348 1268 usaue
1372 1205 1476 1278 vester
1500 1201 1569 1270 siat.
1593 1199 1633 1272 de
1649 1224 1715 1276 uno

291 1341 371 1388 vero
394 1293 537 1390 lateres
561 1327 652 1414 parte
677 1321 813 1392 meridie
837 1321 895 1394 tini
918 1319 1025 1393 lintuh
1049 1323 1198 1396 eredibus
1221 1321 1323 1396 leonis
1347 1325 1534 1396 maunsrola
1553 1330 1714 1422 usquead

294 1446 402 1542 ipsum
417 1449 571 1542 angulum
590 1459 623 1520 et
640 1449 680 1520 ad
698 1451 805 1544 ipsum
830 1449 1011 1542 predictum
1036 1451 1193 1544 angulum
1216 1451 1363 1524 reholbet
1380 1453 1455 1524 inde
1470 1479 1489 1525 a
1504 1456 1638 1527 meridie
1658 1479 1715 1550 per

292 1573 406 1666 pedem
426 1571 470 1678 'de
494 1573 564 1666 ipso
587 1571 681 1644 leone
704 1573 745 1644 de
767 1571 954 1642 mauuerula
977 1579 1011 1642 et
1033 1571 1122 1642 badis
1146 1593 1250 1666 usque
1273 1575 1308 1642 in
1321 1575 1403 1644 fines
1419 1577 1458 1647 de
1475 1569 1614 1651 iohanne
1634 1579 1716 1653 lam-

295 1701 388 1774 berto
412 1700 501 1796 quod
524 1701 724 1796 comparavit
740 1725 759 1772 a
776 1697 885 1796 sergio
909 1697 1037 1773 terraci.
1064 1706 1098 1771 et
1121 1699 1186 1770 iam
1209 1719 1270 1792 per
1292 1699 1391 1770 linem
1410 1702 1450 1773 de
1473 1707 1581 1798 sergio
1602 1705 1717 1778 ferraci

295 1833 467 1906 descendet
489 1853 592 1927 usque
616 1833 651 1904 iu
675 1833 728 1904 via
751 1831 881 1926 puplica
904 1851 963 1926 per
986 1827 1074 1923 ipsos
1097 1827 1250 1900 termines
1273 1827 1407 1900 sabucus
1430 1815 1489 1926 qui
1505 1831 1627 1905 ividem
1642 1843 1716 1906 sunt

294 1959 413 2049 positi:
439 1967 473 2031 et
497 1961 536 2032 do
560 1960 627 2032 alio
642 1961 772 2032 lateres
790 1967 879 2054 parte
895 1955 1121 2053 septentrionis
1137 1956 1194 2028 fini
1210 1955 1296 2050 ipsos
1310 1956 1463 2030 termines
1474 1958 1613 2038 sabucus
1634 1981 1717 2056 quos
1829 1949 1831 1954 ’

296 2083 466 2178 posuimus
489 2083 581 2176 inter
598 2083 683 2154 istud
701 2090 733 2152 et
750 2103 845 2154 causa
860 2079 945 2152 leoni
961 2081 1086 2151 trunco:
1104 2086 1138 2150 et
1151 2077 1339 2171 exmdieate
1351 2077 1423 2150 eius
1435 2068 1535 2152 huam
1549 2081 1718 2156 descendet

296 2233 354 2303 per
378 2209 477 2282 linem
502 2209 541 2282 de
567 2231 641 2282 urso
666 2231 768 2282 cuneo
791 2231 896 2304 usque
918 2209 954 2278 in
975 2207 1076 2280 finem
1099 2207 1139 2278 de
1163 2203 1259 2280 leone
1283 2206 1351 2278 filio
1375 2205 1717 2301 scrutationes

297 2356 356 2428 per
380 2335 444 2406 fine
469 2334 508 2406 ds
531 2335 750 2430 suprascripto
773 2333 869 2404 leone
892 2333 1063 2410 ueoendet
1085 2331 1239 2426 usquein
1253 2331 1368 2424 pedem
1382 2330 1418 2402 in
1434 2331 1542 2424 ipsum
1565 2332 1719 2406 sabucum

300 2483 449 2554 grosaum
467 2463 525 2556 qui
542 2462 641 2533 estin
657 2469 754 2554 caput
769 2461 809 2532 de
826 2460 898 2554 ipso
912 2481 1008 2530 muro
1025 2457 1066 2529 de
1080 2457 1298 2549 suprascripto
1313 2458 1406 2530 leone
1422 2459 1491 2530 liho
1505 2459 1603 2551 sergii
1623 2485 1643 2530 a
1661 2471 1720 2532 tu·
1831 2499 1836 2512 ·

300 2585 384 2658 rello
408 2607 485 2659 cum
511 2583 597 2656 salve
620 2587 673 2658 vie
697 2608 754 2656 sue
778 2593 811 2654 et
834 2582 944 2654 omnia
967 2580 1050 2654 inira
1071 2601 1105 2650 sc
1128 2577 1320 2651 habentibus
1335 2580 1422 2652 uude
1437 2579 1521 2652 nihil
1543 2582 1637 2656 vobis
1653 2607 1723 2656 ex-.

303 2713 526 2808 ceptuavimns
549 2721 582 2784 et
605 2712 691 2784 uude
715 2710 809 2786 nobis
832 2708 953 2783 ividem
975 2706 1109 2802 aliquod
1134 2727 1201 2778 nou
1224 2706 1392 2778 remansit.
1427 2704 1578 2779 Chartam
1602 2707 1717 2781 exinde

217 2889 218 2894 ,
300 2863 368 2912 non
391 2841 565 2914 habuimus
588 2863 688 2938 quam
721 2841 816 2914 vobis
848 2839 966 2914 exinde
990 2838 1150 2910 daremus.
1182 2837 1260 2933 quin
1285 2835 1325 2908 ub
1353 2835 1494 2932 aanuis
1519 2838 1718 2932 temporibus

302 2991 358 3042 eos
381 2969 554 3044 habuimus
571 2981 604 3042 et
620 2969 858 3042 dominavimus
875 2989 934 3040 nos
948 2975 981 3039 et
992 2965 1113 3038 nocuis
1128 2963 1312 3059 parentibus
1328 2985 1405 3037 eum
1418 2964 1630 3059 suprascripte
1646 2965 1723 3037 hec-

303 3093 410 3163 cleeie.
435 3103 468 3162 et
491 3093 693 3164 firmavimus
716 3092 809 3164 vohis
832 3101 869 3162 ut
891 3091 920 3164 si
944 3099 1023 3186 aput
1046 3111 1106 3161 nos
1129 3099 1162 3160 et
1184 3101 1311 3162 nostros
1327 3089 1461 3162 heredes
1476 3087 1587 3162 charta
1604 3091 1719 3166 exinde

305 3219 404 3289 luerit
427 3217 567 3288 imhenta
590 3219 650 3312 qui
673 3218 732 3289 siat
747 3219 876 3314 propria
892 3218 932 3289 de
949 3217 1013 3289 heo
1028 3217 1118 3313 quod
1133 3217 1227 3289 vohis
1243 3216 1453 3291 vendivimus.
1469 3219 1635 3292 mittamus
1649 3241 1721 3290 eam

308 3352 340 3414 at
363 3351 553 3438 potestatem
586 3353 727 3416 vestram
750 3344 847 3432 etde
870 3343 1050 3438 rectoribus
1081 3345 1295 3440 suprascripte
1329 3345 1485 3418 heeelesie
1519 3353 1624 3418 vestre
1654 3349 1723 3419 sine
1854 3333 1870 3366 ⁶
1995 3353 1998 3360 “

211 3561 218 3570 ⁵
306 3480 410 3543 vestra
434 3471 627 3543 damnietats
642 3481 675 3540 et
692 3472 731 3544 de
746 3471 901 3542 hredibus
916 3472 1044 3542 vestris.
1061 3471 1154 3543 Unde
1167 3473 1348 3565 accepimus
1363 3498 1382 3542 a
1399 3472 1492 3543 vohis
1510 3472 1627 3545 exinde
1650 3471 1726 3565 ple-

307 3593 429 3664 nariam
446 3600 590 3664 nostram
606 3592 804 3662 sanationem
821 3590 904 3662 idest
919 3613 1034 3663 aureos
1048 3591 1168 3662 solidos
1182 3593 1356 3686 nonaginta
1371 3603 1460 3686 septe
1473 3615 1533 3664 ana
1548 3593 1609 3664 tari
1633 3604 1727 3688 quat·

308 3725 382 3784 tuor
405 3737 464 3808 per
488 3712 585 3784 solidi
608 3713 706 3785 sicuti
729 3713 813 3785 inter
837 3733 897 3785 uos
921 3713 1084 3786 convenit.
1108 3713 1200 3786 Unde
1223 3715 1482 3809 comparavimus
1505 3725 1538 3786 at
1562 3717 1667 3792 vicem
1691 3719 1726 3788 iu

307 3841 523 3936 suprascripta
537 3841 695 3914 hecclesia
718 3849 828 3912 nostra
854 3842 956 3914 sancti
980 3841 1130 3916 iohannis
1145 3843 1252 3938 ipsum
1268 3843 1457 3914 insertetum
1477 3843 1518 3914 de
1536 3846 1728 3916 transmeati

309 3970 349 4040 de
373 3968 505 4040 domiuo
528 3969 636 4063 sergio
653 3969 721 4040 filio
737 3969 837 4064 sergii
855 3970 896 4043 da
912 3991 1069 4042 maurone
1084 3971 1203 4042 comite
1217 3970 1253 4040 iu
1267 3990 1397 4040 omnem
1414 3965 1674 4040 deliberationem
1695 3979 1728 4040 et

311 4089 346 4158 in
359 4111 489 4161 omnem
505 4091 708 4162 decisionem.
721 4093 796 4162 Uta
813 4114 900 4163 nune
913 4091 966 4164 die
981 4091 1122 4186 presenti
1137 4101 1170 4162 et
1186 4092 1221 4162 in
1238 4089 1403 4186 perpetuis
1419 4088 1626 4182 temporibus.
1651 4091 1727 4184 ple-

312 4221 403 4292 naria
418 4221 633 4314 suprascripta
648 4221 838 4294 hereditate.
858 4221 941 4292 sicut
956 4243 1015 4316 per
1029 4222 1109 4296 lines
1125 4244 1166 4292 ex
1183 4221 1273 4292 omni
1296 4227 1384 4314 parte
1407 4217 1500 4292 vohis
1523 4240 1596 4292 eam
1620 4219 1730 4290 recla-
1884 4205 1886 4208 ’

312 4347 465 4416 ravimus.
490 4365 566 4414 eum
588 4344 740 4416 omnihus
754 4341 838 4414 inira
853 4364 887 4412 se
902 4342 1094 4418 habentibus
1110 4347 1152 4460 sit
1166 4348 1200 4419 in
1214 4355 1371 4440 potestate
1386 4355 1493 4420 verua
1510 4353 1543 4416 et
1559 4347 1598 4418 de
1615 4353 1730 4416 rectu-

315 4472 405 4542 ribus
427 4468 643 4564 suprascripte
673 4467 829 4539 hecelesie
861 4473 968 4538 vestre
997 4457 1102 4541 suncti
1120 4468 1279 4544 iohmnis.
1303 4481 1336 4542 at
1358 4471 1541 4546 babendum
1564 4479 1597 4540 et
1618 4472 1730 4564 possi-

315 4595 454 4668 dendum
477 4594 685 4688 lrugiandum
708 4601 742 4662 et
763 4589 1006 4664 dominandum.
1027 4590 1062 4662 iu
1085 4603 1286 4686 perpetuum.
1302 4602 1335 4664 et
1350 4615 1411 4686 pro
1425 4592 1584 4666 hutilitate
1608 4613 1730 4686 supra-

316 4721 434 4815 scripte
456 4719 613 4792 hecclesie
636 4727 741 4790 vestre
765 4715 949 4788 iaciendum
972 4714 1088 4790 exinde
1111 4737 1170 4792 vos
1193 4697 1380 4790 etheredus
1403 4717 1502 4789 vestri
1532 4718 1641 4796 omnia
1666 4743 1731 4814 que
1876 4742 1881 4753 ·

317 4845 483 4920 volueritis
506 4845 576 4918 sine
600 4848 690 4920 omui
722 4855 830 4918 nostra
854 4855 894 4923 et
909 4845 1029 4918 uostris
1060 4843 1233 4918 heredibus
1260 4845 1482 4917 conharietute
1507 4856 1563 4920 aut
1593 4843 1734 4942 aliquam
