4896 6522
1369 469 1383 566 t
1405 479 1450 544 ⁶⁶
1475 470 1487 562 l

692 690 695 701 .
730 631 883 728 pergola:
910 627 1048 724 qualiter
1070 625 1232 700 doecendb
1255 645 1357 720 usque
1380 622 1421 694 ad
1444 640 1542 692 mara.
1567 616 1701 690 lusimul
1724 635 1789 686 uua
1813 635 1890 686 cum
1930 615 2102 692 arboribus
2126 629 2160 692 et

730 763 888 834 tructoras
896 775 970 828 suas
984 775 1042 827 seu
1057 761 1090 823 ct
1105 772 1181 823 cum
1191 751 1337 821 introitus
1351 767 1425 818 suas
1438 753 1470 814 et
1483 741 1635 814 omnibus
1649 741 1698 811 eis
1713 739 1959 846 peptiuentibus.
1972 745 2154 838 pertinente

732 885 832 958 michi
848 905 906 977 per
921 880 1126 978 dopatiouem
1150 896 1208 966 per
1230 867 1448 942 firmissimum
1471 863 1663 958 dispositum
1680 887 1746 957 que
1761 865 1838 937 lecit
1863 865 2032 962 quonlam
2055 868 2154 944 droau

733 1011 865 1084 boneata
882 1005 1000 1078 lamina
1017 1004 1115 1074 coiux
1141 1021 1223 1070 meo.
1238 1016 1297 1067 acu
1312 1002 1346 1066 et
1361 991 1401 1064 ad
1425 1000 1601 1064 memorata
1626 992 1790 1086 quondam
1814 995 1940 1066 coniux
1965 1019 2035 1070 maa
2051 999 2156 1092 perti-

734 1136 805 1208 nuit
820 1153 877 1226 por
891 1139 1096 1224 parentorum
1112 1144 1257 1196 suorum.
1275 1129 1308 1192 et
1322 1141 1360 1190 ea
1374 1119 1409 1188 in
1424 1117 1573 1210 portione
1586 1138 1643 1188 sua
1655 1117 1763 1212 tetigit
1786 1141 1845 1214 per
1868 1121 1997 1193 notitias
2019 1143 2100 1194 suas.
2118 1133 2152 1194 et

735 1285 791 1358 per
802 1257 1015 1330 firmissimam
1030 1247 1209 1322 chartulam
1222 1243 1445 1320 convenientia
1457 1241 1628 1316 divisionis
1638 1267 1711 1316 mea
1727 1245 1769 1317 da
1782 1247 1914 1340 quidem
1926 1270 2009 1320 anna
2020 1247 2155 1322 honesta

735 1380 838 1478 puella
863 1375 987 1448 uterina
1003 1391 1156 1468 gamana
1171 1391 1229 1440 sua
1252 1376 1387 1460 cognata
1412 1389 1482 1438 maa
1504 1387 1570 1460 que
1593 1373 1627 1438 et
1651 1365 1734 1458 ipses
1757 1367 1887 1439 notitias
1910 1370 1951 1442 de
1976 1383 2155 1442 memorata

736 1505 897 1602 quondam
920 1499 1042 1573 coniux
1076 1517 1160 1568 moa.
1182 1504 1215 1566 et
1238 1503 1414 1566 memorata
1445 1493 1627 1566 firmissima
1659 1493 1803 1566 chartula
1826 1498 2065 1570 comvenieutie
2101 1495 2158 1568 di-

561 1641 566 1658 '
606 1663 609 1670 ·
736 1633 868 1706 visionis
891 1649 956 1722 que
978 1648 1041 1720 ego
1064 1623 1231 1717 adpreeusi
1254 1624 1295 1696 da
1318 1629 1500 1694 memorata·
1518 1631 1655 1716 cognata
1678 1643 1760 1692 mea.
1784 1645 1846 1715 ego
1877 1623 1963 1716 apud
1991 1645 2044 1695 mo
2072 1623 2157 1696 abeo

581 1801 584 1810 .
737 1759 798 1850 pro
821 1752 922 1824 alium
946 1771 1010 1842 que
1025 1746 1219 1818 contiuuut:
1245 1746 1294 1816 De
1308 1745 1425 1840 quilius
1440 1744 1541 1818 nichil
1563 1744 1664 1818 micbi
1688 1768 1730 1816 ex
1744 1768 1782 1840 ps
1800 1745 1952 1819 omnibus
1967 1751 2156 1820 memoratis

738 1875 895 1972 portionis
917 1895 988 1944 mee
1012 1869 1144 1965 aliquod
1168 1869 1320 1940 remansit
1334 1867 1398 1940 aud
1415 1867 1577 1940 resorbavi
1592 1890 1653 1940 nee
1675 1861 1829 1940 inaliena
1845 1869 2003 1965 cuiusque
2019 1893 2159 1964 persona

739 2000 827 2097 qnod
851 1995 933 2068 absit
946 1991 1109 2066 commisit
1124 1989 1188 2063 aud
1203 1991 1268 2062 iam
1283 1991 1456 2063 commisto
1470 1999 1678 2085 potestatema
1696 1995 1743 2064 lta
1757 2001 1795 2066 ut
1812 2016 1831 2062 a
1851 2015 1939 2064 nunc
1955 2003 1988 2064 at
2004 1991 2155 2088 deinceps

739 2123 800 2194 bec
823 2115 973 2190 omuibus
995 2115 1182 2187 memoratis
1207 2112 1348 2208 qualiter
1377 2121 1411 2186 et
1445 2115 1610 2209 quomodo
1633 2115 1780 2205 superius
1804 2113 1923 2208 legitur
1958 2136 1979 2184 a
2012 2135 2065 2186 mo
2098 2115 2160 2186 tivi

739 2247 1017 2324 sit‘veuumdatus
1038 2253 1072 2318 et
1095 2243 1231 2318 traditus
1253 2244 1288 2316 iu
1311 2253 1367 2316 tua
1390 2245 1523 2340 tuisque
1546 2244 1725 2318 baredibua
1751 2241 1794 2314 sit
1816 2248 2006 2336 potestatem
2031 2263 2176 2337 queque·

741 2379 859 2452 exinde
882 2379 987 2448 fecere
1010 2373 1177 2446 volueritis
1200 2371 1241 2442 ab
1264 2370 1397 2444 odierna
1420 2371 1473 2445 die
1495 2393 1623 2466 semper
1644 2370 1778 2444 liberam
1802 2369 1922 2442 aboatis
1947 2378 2156 2465 potestatem:

742 2511 774 2572 et
797 2521 903 2595 nequo
926 2524 945 2570 a
967 2519 1021 2570 ma
1043 2504 1224 2568 memorato
1247 2493 1386 2566 iobanne
1410 2517 1553 2590 nequae
1570 2495 1651 2566 meis
1671 2493 1843 2567 heredibus
1859 2515 1920 2564 nec
1936 2519 1955 2566 a
1971 2493 2064 2566 nobis
2079 2515 2159 2586 per-

744 2644 838 2696 sonas
861 2619 1046 2692 summissas
1069 2601 1160 2688 nullo
1188 2624 1333 2710 tempore
1356 2637 1524 2713 uunquam
1546 2627 1583 2690 tu
1607 2625 1786 2690 memorata
1807 2615 1943 2689 domina
1968 2637 2050 2689 anae
2074 2637 2161 2690 nuuc

744 2771 823 2822 vero
846 2745 1004 2823 monacha
1027 2745 1092 2818 aud
1114 2742 1180 2816 tuis
1203 2741 1374 2816 heredibus
1389 2747 1478 2840 quod
1496 2745 1579 2826 absit
1591 2743 1735 2823 babeatis
1750 2743 1869 2818 exinde
1884 2742 2057 2840 aliquando
2071 2765 2162 2838 qua-

745 2893 885 2966 cumque
907 2866 1156 2963 requesitiouem
1179 2865 1267 2936 baud
1289 2865 1437 2938 molestia
1460 2889 1518 2960 par
1541 2865 1668 2940 nullum
1682 2867 1818 2940 modum
1842 2889 1902 2941 uec
1924 2889 1983 2962 per
2003 2868 2160 2940 'summis-

632 3007 635 3011 '
745 3017 796 3068 sas
817 3016 967 3090 personas
989 2991 1033 3064 ba
1055 3014 1142 3064 nuuc
1165 3001 1198 3064 et
1220 2992 1429 3088 imperpetuis
1454 2995 1669 3088 temporibus:
1688 2995 1823 3088 lusuper
1848 2993 1887 3066 ab
1902 2995 1991 3068 omni
2012 2993 2160 3066 homines

744 3120 898 3214 omnique
921 3137 1071 3212 personas
1094 3115 1183 3188 omni
1207 3124 1352 3210 tempore
1376 3141 1439 3212 ego
1463 3132 1495 3190 et
1518 3118 1651 3196 heredes
1667 3121 1747 3194 meis
1763 3121 1822 3193 tivi
1846 3123 1975 3218 tuisque
1989 3119 2161 3196 heredibus

747 3248 861 3320 exinde
876 3247 919 3318 in
941 3245 1092 3316 omnibus
1115 3253 1271 3327 autem
1296 3256 1330 3318 et
1352 3245 1517 3320 defensare
1540 3249 1712 3324 debeamus
1737 3259 1870 3346 propter
1897 3253 1986 3348 quod
2012 3251 2120 3346 accepi
2144 3273 2164 3320 a

748 3384 778 3446 te
802 3376 917 3448 exinde
940 3375 975 3446 in
999 3372 1153 3468 presentis
1177 3373 1261 3446 ldest
1284 3375 1355 3446 auri
1378 3375 1497 3448 solidos
1520 3376 1731 3473 quadraginta
1754 3377 1794 3450 de
1818 3377 1889 3450 auri
1914 3399 1973 3448 aua
2009 3385 2163 3472 quattuor

748 3498 807 3568 turi
823 3521 881 3590 per
897 3497 1043 3568 solidum.
1063 3497 1098 3568 iu
1114 3516 1243 3568 omnem
1258 3494 1453 3570 decisionem
1468 3521 1525 3571 seu
1541 3499 1816 3573 deliberationem:
1834 3499 1919 3584 Quia
1936 3499 1981 3572 ite
1997 3499 2044 3572 sic
2061 3497 2160 3570 michi

748 3620 950 3714 complacui:
977 3620 1003 3690 si
1029 3627 1137 3692 autem
1165 3643 1226 3714 ego
1250 3621 1313 3694 eud
1336 3619 1469 3698 heredes
1500 3621 1580 3696 meis
1612 3625 1733 3720 quobis
1747 3679 1753 3694 t
1766 3635 1909 3720 tempore
1945 3635 2056 3696 contra
2080 3622 2164 3694 banc

715 3797 719 3804 -
749 3747 902 3818 cartulam
925 3743 1115 3819 venditionis
1153 3747 1195 3818 ud
1225 3770 1322 3844 super
1357 3750 1475 3847 legitur
1506 3752 1617 3824 venire
1640 3755 1926 3848 presumpserimus
1956 3773 2014 3846 per
2042 3748 2164 3846 quobis

749 3871 881 3940 modum
905 3868 970 3940 aud
993 3870 1176 3944 summissas
1199 3893 1351 3966 personas
1375 3884 1451 3946 tuuc
1479 3874 1704 3970 eompouimna
1735 3876 1796 3946 tivi
1829 3875 1957 3970 tuisque
1989 3869 2167 3946 ber-edibus

751 3973 822 4066 acii
839 3995 959 4068 solidos
991 3997 1175 4092 octuaginta
1198 3999 1402 4095 bythiauteoa
1425 4009 1458 4072 et
1480 4024 1518 4072 cc
1534 4000 1680 4074 chartula
1703 4004 1749 4078 ud
1772 4025 1869 4100 super
1895 4001 2013 4097 legitur
2032 3999 2074 4072 sit
2105 3997 2166 4068 lir-

750 4144 819 4190 ma:
835 4123 951 4218 scripta
974 4148 1031 4218 per
1055 4149 1169 4199 manus
1193 4129 1275 4220 petri
1299 4128 1428 4199 curialia
1451 4151 1510 4223 per
1531 4141 1707 4204 memorata
1731 4131 1920 4204 duodecima
1945 4121 2164 4218 indictione†

754 4249 827 4318 Hoc
852 4245 980 4342 siguum
999 4254 1030 4350 †
1047 4277 1161 4328 manus
1185 4255 1355 4328 memorati
1381 4254 1513 4328 iobauui
1529 4261 1618 4353 quud
1641 4281 1703 4353 ego
1726 4259 1783 4353 qui
1808 4269 2004 4332 memoratos
2027 4256 2068 4328 ab
2091 4275 2165 4324 eum

750 4383 882 4464 rogatus
904 4397 964 4466 pro
988 4399 1064 4449 eum
1087 4379 1261 4474 subscripsi
1285 4391 1318 4452 et
1341 4391 1535 4457 memoratos
1558 4383 1678 4458 solidos
1701 4385 1834 4458 traditos
1857 4383 1923 4456 vidi
1946 4381 1977 4476 †

844 4499 970 4596 †Ego
993 4503 1117 4596 sergius
1140 4505 1341 4579 scriniarius:
1379 4519 1511 4603 rogatus
1542 4533 1561 4578 a
1588 4519 1769 4582 memorato
1797 4507 1936 4586 iohanne
1966 4507 2054 4582 testis
2085 4504 2168 4578 sub-

725 4684 731 4695 .
751 4622 860 4716 scripsi
886 4635 918 4693 et
941 4633 1134 4698 memoratos
1157 4629 1276 4702 solidos
1299 4632 1430 4704 traditos
1453 4632 1567 4728 vidi†
1648 4649 1657 4667 ·
