4888 6528
1420 573 1565 682 (με)

1407 849 1584 943 mvii.

641 1132 703 1201 An
883 1118 904 1218 i
936 1121 975 1192 ln
996 1116 1128 1191 nomine
1152 1114 1278 1190 domini
1298 1113 1353 1188 dei
1375 1111 1546 1187 salvatorio
1568 1111 1673 1184 nostri
1687 1109 1783 1186 linono
1797 1111 1932 1186 Christi:
1951 1114 2129 1211 Imperanto
2142 1117 2209 1192 do·

623 1266 732 1328 1021.
790 1248 881 1322 mino
904 1257 1016 1318 nostro
1038 1244 1155 1317 bruilio
1178 1265 1297 1337 magno
1320 1243 1514 1336 imperatore
1537 1261 1622 1312 nuno
1636 1240 1838 1336 nexrgeaimo
1855 1241 1982 1337 primo:
2005 1243 2062 1314 aed
2077 1255 2110 1315 et
2124 1265 2209 1317 con-
2280 1287 2285 1294 ·

789 1374 928 1448 amntino
961 1373 1062 1443 irater
1092 1370 1163 1442 ciue
1194 1389 1315 1463 magno
1348 1367 1542 1462 imperatore
1564 1387 1652 1439 unno
1674 1366 1945 1462 quinquagesimo
1971 1365 2132 1442 hoctrlro:
2158 1373 2209 1445 die

792 1501 904 1597 quinta
928 1496 1048 1570 mencio
1072 1493 1210 1567 ianuarii
1232 1493 1407 1566 indictione
1430 1500 1545 1589 qnorta
1567 1489 1717 1586 neapoli:
1752 1491 1885 1565 Certum
1908 1503 1957 1566 αἱ
1980 1516 2039 1566 noa
2071 1495 2210 1568 iohanne

792 1633 852 1730 qni
874 1629 1063 1701 nominatur
1085 1622 1180 1696 nardo
1203 1623 1272 1694 fflio
1295 1623 1459 1719 quondam
1481 1619 1630 1716 petride
1653 1619 1785 1714 uligine:
1810 1631 1844 1694 et
1866 1623 2032 1695 dominico
2046 1623 2114 1696 filio
2137 1626 2210 1720 qni-

795 1763 870 1835 rlum
895 1755 986 1851 magi
1010 1755 1051 1826 de
1075 1753 1235 1846 liuperto:
1259 1749 1472 1824 abitatoriirm
1495 1751 1530 1821 in
1553 1747 1628 1820 loeo
1650 1747 1711 1846 qui
1733 1759 1869 1822 vocatur
1891 1749 2086 1826 cascianum
2111 1753 2211 1826 atilli

793 1885 902 1958 muriz
930 1901 991 1950 noe
1015 1887 1121 1946 autem
1144 1897 1206 1969 pro
1228 1873 1300 1944 rice
1323 1882 1434 1944 nostra
1457 1879 1491 1946 et
1514 1894 1575 1968 pro
1598 1871 1670 1944 vice
1693 1871 1827 1966 quidem
1849 1871 1934 1943 bassi
1958 1873 2026 1945 tilio
2048 1873 2212 1968 quondam

795 2009 865 2105 pipi
886 2003 1204 2096 {nemu-parente:
1226 2006 1275 2070 aet
1297 1997 1366 2092 ipre
1388 1994 1475 2068 harei
1498 1981 1619 2070 abitare
1641 1993 1760 2071 rideris
1783 1997 1818 2068 in
1833 1995 1906 2069 loco
1921 1998 1980 2093 qui
2002 2007 2137 2070 vocatur
2151 2020 2214 2072 ca·

797 2133 953 2208 echennm
975 2138 1009 2201 rt
1030 2128 1079 2200 ilii
1103 2125 1254 2198 beronaoi
1277 2124 1440 2196 territorio
1463 2123 1599 2198 nolono:
1624 2125 1655 2196 A
1677 2125 1817 2219 presenti
1840 2125 1893 2198 die
1915 2125 2131 2218 promtissima
2145 2149 2214 2200 ro-

796 2261 933 2334 tumore
956 2235 1181 2352 profrriotimns
1203 2252 1298 2327 vobis
1320 2253 1455 2326 domino
1478 2251 1622 2346 pancrati
1645 2251 1819 2322 venerabili
1842 2249 1995 2346 igumeno
2026 2253 2216 2326 monosterii

798 2393 983 2462 nancmrum
1015 2379 1115 2474 sergii
1146 2385 1180 2449 ct
1207 2377 1335 2450 bachii:
1361 2379 1421 2474 qui
1443 2399 1530 2448 nuno
1555 2385 1768 2472 congregator
1790 2385 1839 2448 eet
1860 2377 1896 2447 in
1917 2378 2112 2451 monasterio
2134 2401 2218 2452 aan-

798 2523 928 2585 ctornm
951 2508 1099 2582 theodori
1122 2515 1156 2579 et
1177 2505 1348 2578 sebastiani
1373 2505 1430 2600 qui
1455 2503 1635 2600 adpellatnr
1656 2506 1813 2600 cenapicta
1837 2507 1935 2577 eitum
1957 2506 1993 2577 in
2015 2505 2217 2580 viridiarium

797 2651 832 2714 et
853 2647 886 2710 ut
909 2645 1005 2710 cunta
1028 2647 1134 2708 vernn
1158 2632 1407 2730 congregatione
1429 2654 1640 2704 monacorum
1662 2613 1834 2704 memorati
1856 2632 1958 2705 nancti
1981 2641 2014 2705 et
2043 2631 2216 2707 venorabi-

800 2763 841 2836 lie
875 2760 973 2835 vestri
1006 2755 1215 2831 monosterii:
1253 2765 1386 2852 propter
1421 2757 1538 2830 inclitis
1570 2759 1681 2830 ceretis
1718 2757 1833 2830 voetria
1863 2781 1941 2830 curn
1980 2755 2061 2830 duos
2093 2767 2217 2829 montca

800 2893 926 2964 vestros
956 2903 1059 2958 unum
1090 2881 1149 2978 qui
1176 2879 1361 2954 nominatur
1392 2879 1554 2954 urbanum
1576 2880 1690 2977 quiet
1712 2877 1879 2952 atlamme
1901 2878 2035 2954 dicitur:
2059 2889 2092 2951 et
2117 2879 2218 2950 aliurn

802 3009 862 3106 qui
884 3007 1069 3102 nominatnp
1091 3013 1274 3078 maternum
1296 3003 1393 3076 aicuti
1416 3004 1502 3076 inter
1524 3027 1555 3076 re
1577 2981 1735 3078 moreium
1757 3019 1786 3078 ct
1808 3003 1962 3077 lrrinrrio
1976 3003 2111 3078 erfinnt:
2131 3005 2218 3078 inei·

777 3131 873 3210 „mul
894 3133 992 3230 pooiti
1014 3133 1050 3204 in
1073 3141 1254 3205 memorato
1276 3130 1442 3203 territorio
1465 3115 1602 3203 nolano:
1618 3155 1683 3204 una
1699 3153 1775 3204 cum
1796 3130 1965 3207 erroribus
1979 3134 2150 3208 iruetiierir
2166 3135 2220 3206 vel

801 3258 1008 3336 infructiferis
1032 3268 1065 3331 et
1088 3279 1165 3332 cum
1187 3257 1339 3331 iorertcrr'r
1361 3271 1390 3329 ct
1414 3255 1593 3328 emtanietia
1615 3263 1650 3328 et
1672 3277 1749 3328 cum
1771 3257 1918 3332 introitur
1932 3275 2006 3332 enan
2022 3267 2054 3330 et
2069 3257 2218 3331 omnibus

802 3388 849 3462 ein
871 3387 1104 3485 pertinentibus
1127 3397 1161 3458 ot
1183 3385 1315 3460 ooheret
1338 3387 1400 3459 aivi
1423 3393 1456 3458 nt
1478 3394 1692 3458 memoratum
1724 3385 1886 3482 integrum
1913 3389 2049 3462 moriem
2079 3397 2219 3461 vernum

802 3517 836 3584 ct
859 3522 892 3582 at
914 3523 1116 3582 memororum
1138 3523 1271 3581 montem
1293 3517 1436 3582 vernum
1459 3509 1517 3606 qui
1540 3509 1724 3583 nominetur
1746 3509 1905 3582 urbanum
1928 3513 2041 3607 quiet
2064 3513 2105 3584 rd
2128 3511 2216 3584 lam-

766 3631 769 3638 ’
804 3654 858 3706 rna
890 3633 1010 3704 dicitur
1042 3632 1131 3728 quod
1160 3641 1210 3704 eat
1241 3635 1276 3704 in
1299 3655 1365 3705 una
1387 3633 1539 3708 tenientin
1563 3659 1582 3706 a
1604 3643 1694 3731 prrto
1721 3633 1894 3708 occidentis
1923 3645 1971 3709 eet
1997 3637 2071 3708 ribo
2098 3638 2219 3713 maiore

805 3757 865 3854 qni
897 3754 1018 3830 oxfinat
1047 3755 1132 3828 inter
1153 3777 1194 3828 oe
1215 3763 1251 3828 ot
1271 3758 1366 3830 terrie
1388 3767 1421 3831 et
1445 3767 1591 3834 montem
1613 3761 1655 3835 de
1678 3761 1873 3836 omminibna
1896 3761 1936 3836 ric
1960 3765 2157 3840 buchanum
2187 3772 2223 3838 et

807 3881 848 3958 de
872 3880 1017 3953 meiana.-
1040 3889 1073 3954 et
1095 3901 1139 3954 ex
1154 3945 1156 3950 .
1169 3879 1234 3954 aiio
1256 3880 1356 3955 lutere
1379 3893 1470 3981 parte
1492 3885 1651 3962 horientia
1682 3897 1732 3964 eat
1762 3899 1976 3966 memoratum
2005 3891 2106 3964 alium
2128 3911 2222 3964 crea·

806 4005 872 4080 lem
895 4019 1040 4086 vernum
1063 4033 1141 4088 eum
1163 4019 1380 4088 memoratum
1400 4010 1502 4088 olium
1521 4020 1631 4086 monta
1653 4021 1798 4088 venun
1820 4013 1910 4112 quod
1939 4022 1988 4086 eat
2014 4015 2050 4086 in
2079 4037 2145 4086 una
2167 4025 2222 4086 to·

806 4137 927 4212 pientia
957 4141 1016 4234 qni
1046 4140 1232 4217 nominatur
1262 4147 1447 4216 maternum
1477 4139 1609 4216 inrimni
1638 4142 1821 4238 pertinente
1851 4145 2022 4218 memorati
2054 4143 2154 4216 rancti
2186 4150 2220 4214 et

806 4263 1001 4337 venerahilis
1023 4267 1122 4342 ventri
1144 4267 1353 4343 moretonii:
1379 4265 1475 4342 noun
1498 4269 1583 4344 inter
1605 4293 1641 4346 ae
1663 4279 1843 4345 memorato
1865 4269 1992 4346 riatello
2017 4281 2050 4344 ct
2065 4270 2222 4346 lavinario

808 4391 951 4466 minata
976 4401 1009 4465 et
1032 4393 1074 4464 riu
1097 4392 1173 4468 inde
1195 4393 1336 4494 qualiter
1357 4396 1499 4473 accendit
1523 4397 1665 4472 finiendo
1691 4399 1726 4472 in
1748 4409 1839 4496 parte
1866 4400 2093 4499 npunnronir
2116 4421 2225 4494 unque

809 4517 850 4590 rd
874 4537 963 4591 serra
985 4515 1170 4591 cauditnna:
1193 4527 1226 4592 ot
1249 4516 1290 4592 de
1313 4541 1381 4594 uno
1404 4521 1508 4620 capite
1530 4539 1626 4618 perte
1647 4521 1825 4596 meridiana
1848 4523 1943 4597 terrie
1966 4523 2008 4598 de
2024 4520 2223 4596 omninno

808 4644 848 4716 da
879 4643 1073 4718 conchanum
1096 4645 1191 4719 eicuti
1213 4646 1297 4720 inter
1321 4669 1356 4720 re
1379 4651 1511 4746 egripun
1535 4650 1684 4724 'exiente
1716 4661 1751 4728 et
1781 4653 1824 4726 de
1854 4652 1920 4726 aiio
1951 4651 2069 4747 capite·
2084 4647 2224 4746 qualiter

808 4771 898 4844 hedit
919 4781 953 4844 et
975 4773 1117 4861 accendit
1138 4795 1244 4870 neque
1267 4783 1300 4846 at
1319 4775 1469 4850 iamdicta
1489 4799 1577 4849 cerro
1593 4779 1779 4854 cruditam:
1799 4778 2015 4876 excepturum
2028 4777 2146 4852 exindo
2163 4775 2219 4848 illa

810 4899 949 4996 corrigia
975 4899 1015 4974 da
1036 4910 1122 4974 terra
1145 4901 1185 4974 de
1212 4901 1268 4974 ilie
1292 4901 1490 4976 omninibus
1505 4903 1545 4976 do
1561 4903 1634 4978 loco
1651 4907 1710 5006 qui
1727 4915 1864 4982 vocatur
1884 4907 2084 4982 catinianum
2105 4903 2164 5000 qni
2179 4901 2225 4974 ibi
