4896 6522
1434 543 1550 643 (ur
1671 503 1675 510 ’

772 713 873 789 suncti
895 710 1070 810 putridine
1092 708 1319 784 eonuafieure
1341 727 1414 779 meu
1436 713 1469 776 et
1492 699 1648 773 heredum
1671 713 1830 770 meorum.
1855 697 1933 794 qnia
1956 701 2101 795 predicte
2117 723 2191 778 mea

774 837 942 912 offertione
964 832 1066 910 miehi
1087 855 1149 906 nec
1170 833 1252 906 meis
1279 826 1452 906 heredibus
1474 821 1598 896 nullum
1627 820 1811 916 portionem
1845 821 1976 894 retinui.
2008 823 2083 920 Ego
2115 850 2194 900 vero

777 963 940 1059 predictus
961 957 1130 1056 mrugndu
1155 976 1330 1054 agnoscens
1353 949 1462 1023 omniu
1485 951 1546 1020 istu
1560 970 1630 1020 esee
1644 945 1809 1019 sulutifera
1833 947 1942 1022 uuiure
1956 969 2037 1023 mee.
2061 965 2094 1027 et
2109 957 2195 1030 deri.

777 1091 891 1163 ueram
914 1088 1009 1162 intem
1032 1103 1138 1160 meum
1159 1080 1362 1154 offertionem
1384 1077 1512 1149 firmam
1534 1084 1568 1145 et
1589 1073 1739 1145 sterilem
1762 1075 1868 1146 fecere
1881 1083 1915 1145 et
1930 1088 2087 1172 perpetuo
2111 1105 2195 1176 per.

779 1237 919 1289 manere
942 1212 1052 1304 obligo
1074 1213 1184 1292 meet
1206 1224 1296 1276 mene
1317 1201 1453 1276 huden
1475 1197 1621 1296 predicto
1645 1199 1840 1270 monasterie
1863 1225 1936 1274 enm
1969 1205 2138 1280 defendere
2160 1219 2196 1284 et
2315 1223 2317 1230 ’

778 1340 927 1414 antistare
948 1339 1060 1405 nuntrn
1082 1349 1194 1403 umnec
1216 1325 1365 1400 hominen
1389 1324 1447 1420 qui
1470 1348 1509 1394 eu
1525 1322 1641 1394 tollere
1656 1319 1825 1393 boluerint
1840 1325 1930 1418 quod
1946 1325 1974 1396 si
1995 1328 2197 1406 noluerimus

778 1469 834 1535 aut
856 1462 885 1533 ei
907 1481 970 1554 ego
991 1457 1046 1532 vel
1059 1455 1140 1530 meir
1153 1453 1327 1528 heredibus
1340 1473 1400 1546 per
1413 1449 1651 1546 qualecumque
1663 1447 1829 1544 ingenium
1845 1451 1908 1522 hoc
1923 1455 2092 1527 r'enrubere
2106 1481 2194 1554 qne

777 1589 928 1662 eiecimus
950 1593 1007 1660 eut
1030 1585 1059 1658 ri
1082 1582 1122 1656 de
1145 1605 1184 1654 en
1206 1579 1329 1677 uliqnid
1352 1580 1500 1654 minuere
1522 1579 1819 1674 presumpserinun
1835 1579 1973 1652 Centum
1988 1581 2108 1656 celidon
2132 1607 2197 1658 eu-

779 1737 854 1787 reus
876 1710 1020 1806 predicto
1043 1705 1237 1781 munasterio
1264 1711 1298 1776 et
1331 1703 1452 1774 rectori
1489 1703 1560 1795 ejru
1599 1725 1837 1798 eumpeunmnn
1876 1706 2084 1798 postmodum
2116 1731 2196 1782 vero
2264 1721 2267 1726 '

782 1833 909 1906 ntiutio
939 1837 1048 1906 noenu
1077 1829 1172 1902 firme
1202 1837 1235 1901 ct
1266 1827 1380 1917 duride
1413 1834 1600 1922 permanent
1633 1827 1668 1898 in
1699 1833 1899 1922 perpetuum.
1921 1828 1994 1931 Ego
2018 1831 2076 1923 qui
2099 1854 2197 1928 cupre

782 1949 948 2048 ungunta
970 1949 1086 2046 rogeri
1108 1949 1259 2024 abbatem
1275 1948 1435 2024 ulbertum
1457 1951 1592 2046 predicu'
1615 1949 1802 2022 monuerit
1825 1959 1857 2021 ct
1881 1971 1993 2024 omnen
2015 1954 2141 2028 fratrer.
2160 1969 2199 2032 ut

782 2080 811 2152 ci
834 2102 895 2174 ego
917 2077 973 2152 rel
995 2077 1076 2154 meis
1097 2075 1270 2154 heredibus
1292 2085 1406 2152 cuntur
1430 2070 1492 2149 hec
1513 2076 1627 2150 benire
1648 2079 1943 2172 temptaverimus
1971 2101 2030 2152 eeu
2053 2081 2200 2176 quelibet

781 2229 927 2300 pensem.
944 2205 1096 2282 deberent
1106 2207 1394 2285 excommunicare
1409 2207 1483 2300 Ego
1505 2203 1649 2279 meren
1663 2205 1815 2300 indignus
1830 2206 1932 2294 uilem
1945 2229 2021 2280 cum
2044 2207 2198 2282 omnibus

784 2330 937 2405 iratribus
958 2330 1036 2404 dicti
1049 2330 1235 2406 monasterii
1258 2330 1576 2407 excommunicemus
1597 2336 1631 2403 et
1653 2327 1958 2404 unrthemntinrmur
1980 2352 2023 2402 ex
2039 2339 2128 2423 purte
2143 2331 2197 2405 dei

784 2453 883 2546 putris
906 2452 1132 2546 omnipotentie
1156 2461 1189 2522 et
1211 2453 1297 2528 beuti
1318 2453 1402 2546 petri
1426 2452 1563 2546 epnetoli
1577 2463 1611 2526 et
1625 2461 1811 2526 umerorum
1827 2461 1968 2546 petrum.
1982 2473 2094 2526 umnec
2110 2452 2197 2532 ilict.

783 2579 843 2674 qui
865 2573 1041 2669 predium
1064 2586 1184 2653 terrum
1208 2602 1228 2650 u
1250 2585 1407 2670 potestate
1441 2587 1475 2652 et
1505 2579 1676 2655 donatione
1709 2575 1847 2674 predicti
1879 2577 1981 2652 nentri
2013 2578 2199 2654 mouruterii

785 2703 971 2780 subtrahere
993 2701 1047 2776 rel
1069 2701 1110 2776 de
1134 2705 1205 2778 eius
1228 2705 1347 2783 finium
1369 2705 1493 2802 uliquid
1516 2705 1707 2784 diminuere.
1731 2705 1785 2779 rcl
1807 2705 2066 2780 conumeutem
2095 2707 2201 2780 tecue

785 2825 934 2898 doluerit.
957 2833 991 2897 et
1013 2825 1121 2920 portio
1144 2828 1215 2900 eius
1237 2830 1280 2902 rit
1301 2851 1378 2902 cum
1400 2830 1477 2903 iude
1501 2828 1655 2904 traditore
1679 2839 1712 2902 et
1735 2829 1778 2907 eit
1802 2828 1865 2905 rub
1888 2829 2058 2906 mudena
2084 2851 2199 2902 meru·

667 2961 669 2968 ’
787 2947 905 3024 nuthu.'
923 2951 1025 3026 doueu
1046 2955 1239 3052 resipuerint
1262 2977 1300 3028 uu
1322 2956 1385 3030 deo
1407 2965 1441 3028 et
1464 2963 1571 3030 ennete
1593 2956 1726 3031 ecclesie
1749 2957 1825 3032 satir
1845 2956 1956 3034 feurit
1969 2955 2064 3053 eique
2079 2955 2199 3032 iniucu
2269 3053 2271 3060 Ι

789 3075 891 3151 ehlnte
914 3097 971 3148 suu
994 3085 1108 3184 rpuute
1129 3077 1313 3157 reddiderit.
1337 3079 1379 3153 Et
1401 3079 1486 3154 hunc
1509 3077 1689 3154 mundam
1704 3079 1882 3155 ouuuonu
1904 3079 2015 3176 scripu
2045 3103 2107 3178 ego
2140 3081 2199 3153 ie-

786 3202 907 3278 hannes
931 3203 1074 3288 notanus
1097 3203 1235 3288 diritatis
1256 3206 1446 3296 ,ducemne
1470 3231 1490 3278 e
1512 3206 1657 3302 predicto
1680 3205 1850 3311 uuegunlu
1863 3217 2005 3306 rogatu
2022 3205 2199 3290 iueuttellu

785 3326 913 3420 pluuisii
937 3329 1080 3404 feliciter.

883 3453 914 3546 †
938 3455 1011 3547 Ego
1034 3457 1094 3552 qui
1115 3475 1212 3549 ruppe
1236 3457 1342 3534 bunut
1364 3459 1465 3533 heure
1488 3465 1588 3540 iudex

884 3575 916 3670 †
939 3573 1011 3666 Ego
1034 3575 1092 3668 qui
1115 3597 1213 3670 supra
1237 3578 1385 3652 ioffridus

882 3699 914 3796 †
940 3699 1011 3790 ¹³³0
1035 3698 1093 3791 (1¹¹5
1117 3723 1214 3794 supra
1236 3701 1435 3796 guilielmus

887 3817 918 3918 †
940 3819 1012 3922 Ege
1034 3819 1187 3906 iohannes
