4934 6532
1405 706 1544 796 (sos)

775 884 889 978 proieci
914 871 1098 950 monosterii
1122 875 1154 938 et
1178 865 1218 936 sd
1242 861 1377 956 eiusque
1401 861 1569 932 minumus
1584 861 1822 942 stoustoditrus
1837 873 1936 960 etque
1951 875 2137 948 rectoribus.
2153 902 2193 949 ec

780 1009 888 1078 omnia
913 1023 972 1092 por
994 999 1101 1088 ipsum
1123 989 1261 1062 hordine
1291 987 1430 1079 qustiter
1461 987 1609 1078 superius
1642 985 1825 1080 tegeretur.
1857 1003 1935 1066 tunc
1959 1007 1992 1066 et
2015 1005 2192 1094 suprascri-

778 1145 831 1223 pta
856 1125 955 1216 duplo
979 1139 1094 1190 eorum
1117 1114 1343 1208 componimus
1366 1121 1399 1180 et
1422 1111 1573 1182 iamdicto
1597 1109 1743 1182 henditio
1770 1113 1898 1210 integra
1915 1123 2065 1210 potestati
2078 1143 2192 1195 somn

780 1250 999 1322 amitteremus
1023 1254 1055 1312 st
1077 1263 1205 1334 semper
1228 1238 1418 1310 habendam.
1443 1248 1475 1308 et
1490 1239 1530 1310 de
1553 1236 1613 1308 troo
1637 1242 1749 1312 omnis
1771 1247 1986 1340 suprascripte
2010 1249 2193 1324 defenden-

786 1379 863 1448 dum
889 1384 922 1442 et
945 1369 1229 1466 percomplendom
1263 1367 1373 1438 omnic
1396 1364 1534 1458 proicer
1556 1367 1705 1458 superius
1729 1369 1905 1462 legebatur.
1929 1396 1993 1468 ego
2015 1377 2074 1470 qui
2097 1401 2195 1471 supra

785 1511 896 1592 petrus
919 1496 1068 1568 benditor
1090 1503 1124 1563 et
1146 1513 1237 1564 meos
1260 1489 1395 1573 heredes
1418 1498 1451 1558 et
1474 1495 1597 1580 partem
1612 1489 1727 1581 preisti
1751 1495 1937 1564 monosterii
1952 1505 1986 1567 et
2003 1498 2044 1568 sd
2060 1499 2195 1593 eiusque

784 1626 949 1698 abbatibus
973 1635 1006 1694 et
1028 1621 1205 1694 rectoribus
1228 1629 1323 1711 etque
1345 1616 1532 1688 custodibus
1556 1617 1591 1686 in
1616 1617 1776 1710 presentia
1801 1621 1922 1694 meieni
1947 1625 2046 1696 iudici
2062 1635 2096 1698 et
2110 1629 2197 1703 siis-

790 1775 865 1824 rum
890 1750 1020 1822 testium
1044 1747 1202 1818 votontoti
1225 1767 1297 1816 mee
1321 1767 1384 1838 ego
1407 1744 1465 1838 qui
1483 1763 1579 1836 supro
1595 1755 1705 1838 petrus
1718 1745 1876 1820 benditor.
1893 1751 2045 1844 guadiam
2061 1755 2122 1826 tihi
2138 1759 2196 1850 qui

796 1899 894 1968 supro
918 1873 1042 1946 domiui
1065 1872 1196 1944 iohsnui
1219 1867 1469 1941 renerenussimi
1493 1867 1601 1938 abbati
1623 1867 1740 1939 exinde
1764 1871 1847 1942 dedi.
1872 1882 1904 1942 ot
1927 1887 1965 1946 ut
1989 1876 2078 1947 nohis
2100 1901 2196 1951 com-

791 2002 882 2072 benit
913 1999 1132 2072 fideiussorem
1156 1995 1216 2064 tibi
1238 1991 1354 2065 exinde
1376 1991 1471 2084 posui
1495 1994 1664 2086 meipsum.
1689 1995 1738 2064 De
1760 1995 1877 2090 quibus
1908 2007 1941 2068 et
1963 2001 2193 2094 pignerandum

789 2128 901 2221 obligo
924 2147 977 2198 mo
1001 2145 1065 2217 ego
1081 2121 1140 2215 qui
1157 2141 1252 2219 supro
1274 2125 1384 2210 petrus
1401 2115 1550 2188 benditor
1566 2139 1625 2210 per
1639 2118 1796 2210 meipsm
1810 2121 1977 2196 fideiussor
1990 2148 2043 2198 me
2058 2137 2091 2198 et
2105 2149 2195 2198 meos

791 2251 927 2322 heredes
951 2255 1127 2340 asportent
1150 2241 1263 2336 predati
1287 2241 1472 2312 monosterii
1496 2250 1529 2311 et
1551 2249 1584 2310 st
1606 2241 1737 2334 eimque
1761 2243 1924 2316 abbatibus
1948 2256 1979 2316 et
2002 2251 2190 2322 custodibus

788 2389 889 2470 etque
918 2373 1107 2447 rectoribus.
1129 2372 1158 2442 si
1181 2390 1263 2462 opus
1284 2368 1394 2438 inisset
1417 2388 1475 2460 per
1498 2365 1559 2437 hec
1583 2391 1648 2462 que
1663 2367 1896 2462 pretegebetur.
1912 2392 1969 2464 per
1985 2374 2194 2446 nomenbotri

789 2503 890 2574 decos
918 2511 952 2570 et
981 2495 1097 2566 ecbolti
1128 2504 1160 2562 et
1191 2493 1333 2563 iumente
1357 2501 1390 2561 et
1416 2491 1509 2586 porci
1532 2493 1635 2564 nostri
1659 2502 1692 2562 et
1716 2493 1756 2562 de
1781 2493 1851 2564 eliis
1874 2495 1971 2568 rebus
1994 2496 2143 2570 omuibus
2166 2507 2197 2568 et

789 2621 974 2696 substcntiis
997 2617 1115 2690 nostris
1140 2637 1245 2709 usque
1269 2624 1303 2684 st
1326 2613 1407 2707 lege.
1433 2626 1466 2686 ct
1487 2625 1593 2688 cetere
1616 2616 1650 2688 iu
1672 2616 1762 2690 omui
1777 2617 1901 2690 ratione
1915 2629 1949 2690 et
1964 2620 2098 2692 hordine
2113 2622 2195 2694 siout

791 2753 826 2823 io
850 2751 917 2841 ipsa
944 2746 1086 2840 predicte
1110 2745 1210 2814 vestri
1234 2743 1421 2814 monosterii
1444 2744 1587 2818 continet
1608 2755 1696 2816 certe
1711 2743 1914 2840 demptionis.
1932 2769 1996 2840 que
2012 2749 2127 2842 scripte
2145 2760 2194 2820 est

791 2898 850 2968 per
873 2871 1036 2945 meroldus
1059 2869 1194 2943 cursus
1217 2875 1251 2936 et
1274 2869 1426 2942 noterius.
1451 2879 1524 2940 ectu
1547 2865 1648 2942 calbo.
1673 2880 1706 2942 et
1721 2871 1925 2944 roborstcest
1940 2895 1997 2966 per
2010 2873 2116 2965 ipsum
2129 2873 2191 2967 qui

791 3019 893 3089 supro
914 2995 1001 3068 meio
1024 2993 1124 3066 iudex
1147 3002 1179 3064 et
1192 3015 1260 3086 ¹per
1283 2994 1412 3066 ursione
1437 2995 1574 3068 noterio.
1597 2995 1695 3068 Nunc
1718 3007 1825 3070 eutem
1840 3021 1896 3092 per
1912 2997 1986 3068 tolio
2001 2997 2085 3068 siout
2099 2997 2199 3068 michi

796 3123 855 3215 qui
881 3143 977 3214 supro
1001 3121 1085 3214 petri
1110 3129 1221 3211 sptum
1245 3129 1278 3192 et
1301 3141 1484 3214 congruum
1506 3129 1554 3190 est
1573 3143 1657 3192 rone
1674 3143 1744 3194 mee
1760 3122 1932 3193 voluntate.
1956 3121 2111 3192 Perhcnc
2127 3143 2209 3192 cur-¹

795 3261 861 3324 tem
884 3251 988 3322 alieno
1012 3251 1096 3322 idest
1119 3251 1161 3324 do
1184 3257 1216 3321 et
1232 3250 1323 3322 trodo
1338 3249 1433 3322 vobio
1449 3252 1712 3344 supranominrto
1727 3251 1860 3322 domino
1875 3250 2009 3321 iohanni
2026 3249 2197 3320 venerabili

794 3376 902 3448 abisti
925 3397 983 3469 per
1007 3374 1177 3450 securitate
1199 3385 1296 3470 etque
1319 3373 1499 3445 defensioue
1523 3385 1629 3446 umus
1651 3385 1684 3445 et
1706 3377 1747 3447 de
1769 3373 2006 3447 successoribus
2030 3373 2144 3444 restris
2166 3383 2197 3442 ct

797 3505 838 3574 de
861 3513 951 3594 perte
975 3500 1181 3596 suprascripti
1203 3499 1302 3572 vestri
1323 3498 1510 3570 monosterii
1526 3521 1585 3592 per
1599 3501 1810 3594 supmetpu
1826 3523 1895 3573 mee
1909 3497 2100 3570 heudidone.
2116 3496 2202 3565 idest

797 3637 884 3698 sorte
908 3625 947 3696 de
971 3647 1034 3694 uno
1057 3625 1227 3720 scriptione
1250 3647 1323 3696 mee
1344 3625 1445 3696 michi
1468 3623 1644 3715 pertinento
1666 3645 1724 3714 per
1746 3643 1832 3692 mess
1854 3619 1992 3690 rctionss
2014 3617 2098 3690 Cum
2111 3625 2199 3690 sorte

799 3749 840 3818 de
866 3747 934 3818 eius
957 3749 1150 3820 continentis
1173 3757 1206 3819 et
1221 3769 1280 3840 per
1295 3757 1452 3842 quantum
1468 3755 1501 3816 ct
1516 3746 1698 3818 defensione
1714 3747 1755 3818 de
1771 3746 1984 3838 suprescripte
1995 3763 2070 3816 mn
2084 3741 2203 3814 bendi-

798 3875 885 3948 tione
915 3877 1073 3968 pertinere
1096 3875 1236 3946 bidetur.
1263 3885 1295 3944 ot
1317 3874 1549 3968 possessionem
1572 3872 1686 3965 preicti
1712 3872 1809 3944 vestri
1833 3869 2016 3944 monmterii
2041 3877 2073 3940 et
2096 3879 2201 3940 vestre

799 4007 830 4070 et
861 3998 1097 4074 successoribus
1130 3997 1244 4070 vestris
1276 4003 1309 4068 et
1340 3995 1492 4088 deporto
1515 3992 1721 4088 suprascripti
1744 3993 1842 4065 vestri
1865 3991 2052 4066 monosterii
2076 3989 2128 4062 rel
2151 3989 2201 4062 cui

801 4123 858 4196 deo
890 4139 975 4198 certo
999 4149 1060 4220 pro
1084 4134 1175 4220 perte
1198 4123 1404 4220 suprascripti
1435 4121 1534 4194 rostri
1556 4120 1740 4194 monosterii
1773 4121 1807 4190 in
1829 4119 1976 4192 menibus
2000 4120 2150 4214 paruerit
2173 4127 2204 4188 ct
2262 4203 2272 4208 ἡ

803 4250 985 4324 habendum
1014 4263 1048 4324 et
1075 4253 1304 4347 possidendum
1328 4261 1360 4322 et
1384 4249 1569 4322 iaciendum
1593 4249 1710 4320 exinde
1734 4248 1842 4318 omnis
1865 4269 1949 4341 qme
1972 4245 2065 4316 nohis
2088 4245 2139 4316 vel
2161 4243 2206 4312 eis

804 4375 1055 4474 placueritque
1079 4389 1127 4453 est
1151 4382 1334 4454 continente
1365 4379 1496 4472 scriptio
1520 4377 1589 4472 ipss
1615 4373 1697 4468 †in
1713 4375 1843 4446 nomine
1856 4374 1979 4448 domiui
1993 4371 2092 4442 nostri
2107 4369 2204 4438 ihesu

805 4498 930 4571 Christi.
956 4503 1111 4591 uicesimo
1134 4503 1249 4596 quinto
1274 4523 1361 4572 suno
1384 4501 1587 4594 principetur
1611 4493 1734 4570 domini
1759 4495 1897 4591 psldolfi.
1921 4507 1954 4566 et
1975 4493 2099 4568 decimo
2124 4511 2207 4562 enno

802 4612 1000 4719 principatus
1014 4627 1147 4726 domiui
1170 4625 1299 4698 liudolfi
1323 4623 1473 4718 gloriosis
1498 4623 1708 4717 principibus.
1734 4645 1844 4694 mense
1867 4619 1946 4692 iulio
1969 4618 2141 4688 undecimo
2162 4617 2209 4684 is·

803 4751 954 4848 dictione.
976 4751 1118 4850 Ideoque
1141 4777 1203 4849 ego
1226 4755 1322 4826 lsndo
1346 4777 1455 4832 comes
1480 4753 1564 4824 fitius
1587 4774 1671 4822 sone
1695 4749 1925 4824 recordationis
1940 4747 2062 4822 domini
2078 4741 2205 4814 tmdotii

807 4877 970 4964 magnifici
991 4881 1142 4972 principi.
1168 4881 1297 4952 declaro
1321 4881 1397 4975 quis
1421 4889 1495 4952 ente
1519 4878 1712 4974 presentium
1737 4877 1805 4968 lupi
1829 4875 1929 4946 iudici
1952 4883 1985 4946 et
2007 4871 2084 4940 otios
2101 4873 2206 4940 estes.

806 4995 1018 5068 Manifestum
1049 5000 1185 5070 tacimus
1219 5001 1311 5074 robis
1344 5001 1412 5072 ursi
1435 5001 1494 5094 qui
1519 4999 1669 5094 reperuio
1693 4999 1849 5070 clametur
1871 4995 1931 5068 filii
1954 4991 2122 5088 quondum
2146 4989 2210 5062 ursi
