4882 6534
894 625 1036 720 (nor)

267 787 431 879 omnique
455 801 609 876 personas
633 783 668 852 in
692 779 844 854 omnibus
867 780 960 851 vobis
984 781 1163 876 rostrisque
1186 783 1323 872 postoris
1338 789 1370 854 at
1385 790 1419 852 at
1432 793 1614 857 memorato
1629 811 1688 860 va·

268 925 335 986 stro
364 911 559 984 monastario
582 909 657 980 illut
679 916 837 981 antestare
859 917 892 981 st
914 909 1276 980 utinamutinam
1298 931 1359 1002 pro
1382 932 1423 980 co
1443 911 1532 1002 quod
1555 911 1685 1005 impra-

273 1035 373 1106 santis
397 1032 580 1124 acecpimus
604 1053 623 1097 a
648 1031 742 1101 vobis
774 1031 890 1103 exinde
920 1030 1002 1101 idcst
1026 1029 1096 1100 auri
1120 1031 1182 1100 uri
1206 1037 1360 1124 quattuor
1383 1051 1449 1124 quo
1472 1052 1531 1102 nos
1554 1054 1684 1124 presens

270 1160 426 1254 presentis
462 1157 610 1228 dedimus
641 1179 701 1251 par
733 1179 867 1228 manum
893 1157 1066 1228 memorati
1095 1157 1195 1251 sergii
1217 1177 1354 1250 capooca
1378 1155 1451 1228 viro
1473 1165 1507 1226 ct
1529 1179 1685 1252 germano

270 1293 383 1354 nostro
419 1283 451 1350 in
476 1301 606 1350 omnem
640 1279 800 1350 decisione
823 1301 882 1352 scu
904 1277 1155 1350 deliberatione:
1190 1277 1276 1364 Quia
1299 1279 1354 1350 itu-
1375 1280 1467 1353 nobis
1493 1281 1688 1376 complacuit

271 1409 298 1478 ai
322 1419 430 1478 autam
454 1426 514 1475 noa
537 1413 594 1476 aut
617 1403 750 1477 heredes
773 1405 891 1475 nostris
912 1403 1032 1498 quobis
1055 1415 1201 1500 scopora
1223 1414 1336 1479 contra
1361 1430 1422 1480 unc
1444 1408 1624 1482 chartulam
1650 1418 1688 1482 ut

271 1555 369 1624 super
393 1532 512 1624 lc'gitur
527 1531 637 1604 venire
652 1531 942 1623 presumpserimus
961 1536 995 1600 ct
1008 1530 1044 1600 in
1059 1531 1174 1624 aliquit
1189 1532 1301 1604 utiensi
1324 1535 1481 1608 fuerimus
1495 1557 1555 1628 psr
1569 1535 1688 1630 probis

274 1659 410 1732 modum
434 1667 490 1728 aut
514 1657 702 1729 summissas
725 1677 878 1749 pcrsouas
901 1665 978 1728 tunc
995 1655 1220 1749 componimus
1237 1657 1334 1753 ¹vobis
1354 1660 1535 1754 rastrisque
1549 1660 1687 1752 postoris

274 1783 346 1851 auri
370 1783 488 1852 solidos
513 1781 595 1852 duos
621 1778 827 1872 bythiantcos
851 1787 885 1848 ct
908 1801 946 1848 ao
970 1777 1115 1848 chartula
1139 1777 1335 1875 venditionis
1347 1793 1385 1850 nt
1399 1801 1496 1872 super
1511 1781 1630 1876 legitur
1644 1781 1688 1852 sit

272 1903 366 1975 firma
391 1904 508 1996 scripta
531 1925 590 1995 par
613 1923 745 1974 manum
777 1899 923 1994 stcpbani
956 1899 1088 1970 curialia
1112 1921 1170 1992 per
1193 1909 1371 1974 memorata
1393 1901 1569 1976 indictione
1591 1903 1623 1998 †
1645 1926 1687 1978 oc

271 2031 402 2124 signnm
426 2029 458 2122 †
479 2051 593 2100 manus
622 2037 799 2102 memorata
823 2028 927 2098 maria
952 2027 1083 2120 signum
1109 2027 1141 2121 †
1163 2050 1277 2103 manus
1301 2032 1471 2102 memorati
1495 2031 1600 2126 anguli
1624 2053 1686 2126 ago

271 2160 328 2251 qui
350 2164 547 2230 memoratos
569 2177 631 2250 pro
654 2155 685 2226 ci
708 2153 882 2246 subscripsi
906 2163 939 2224 ct
962 2155 1134 2224 mumurati
1157 2156 1221 2228 turi
1245 2161 1380 2231 traditos
1404 2157 1521 2251 bidi†

366 2283 397 2374 †
420 2305 482 2372 ego
506 2283 651 2351 marinos
685 2281 771 2352 tilius
803 2280 927 2350 domiui
959 2280 1109 2353 iohannis
1131 2284 1204 2354 testi
1227 2285 1400 2379 subscripsi
1422 2294 1457 2357 at
1479 2289 1688 2382 suprascripti

274 2403 338 2474 tari
361 2401 495 2474 traditos
517 2400 587 2470 bidi
611 2401 643 2493 †

369 2529 401 2623 †
425 2529 497 2622 ligo
520 2526 675 2600 iobauuas
707 2526 864 2600 curialis:
899 2525 989 2598 tcatis
1021 2526 1194 2621 subscripsi
1224 2541 1257 2600 ct
1280 2539 1449 2606 mumurati
1472 2539 1533 2608 tari
1557 2539 1689 2612 traditos

274 2655 343 2726 bidi
367 2655 400 2748 †
1504 2683 1506 2686 ·

294 2815 297 2822 ·
354 2779 402 2872 ,†
426 2799 489 2870 ego
511 2777 662 2854 sadudus
684 2775 770 2854 biiua
784 2777 906 2856 domiui
928 2777 1042 2852 statum
1066 2777 1139 2850 testi
1151 2777 1324 2872 subscripsi
1339 2787 1372 2852 et
1394 2783 1603 2877 suprascripti
1628 2786 1690 2856 tari

277 2903 411 2974 traditos
434 2902 501 2974 bidi
526 2906 556 2999 †

159 3043 160 3046 ‘
372 3025 498 3122 †Ego
531 3029 704 3121 stephanus
736 3028 872 3104 Gurialia
903 3029 1072 3125 Complari
1102 3043 1135 3104 at
1150 3055 1153 3060 ’
1167 3034 1289 3128 apsoiri
1317 3057 1376 3130 par
1398 3047 1575 3114 memorata
1599 3041 1688 3114 indi.

278 3153 441 3248 otium
