4940 6518
918 552 1023 651 (¹¹)

896 843 1035 916 ccxxi.

351 1101 471 1168 Alitius
502 1099 597 1168 Petri
628 1100 744 1170 Leonis
776 1098 818 1166 de
852 1085 1026 1190 Leoperpa'
1043 1095 1133 1188 ttius
1157 1119 1179 1165 a
1203 1099 1309 1168 Leone
1328 1097 1518 1191 presbytero
1545 1099 1682 1170 Grutode
1731 1117 1756 1146 ··

258 1225 426 1298 Ecclesiae
450 1227 487 1296 S.
508 1227 672 1297 Eutltimii
696 1227 814 1318 accipit
830 1225 965 1296 colenda
975 1225 1141 1317 praedia,
1168 1246 1252 1316 quae
1271 1225 1484 1319 Gasaserriae
1500 1226 1678 1308 certabant,

258 1362 288 1422 et
311 1372 461 1424 annuum
483 1355 736 1446 respomaticum
755 1353 943 1448 persolvere
962 1354 1148 1446 pollicetur.

757 1633 761 1650 ·
902 1599 1058 1672 ccxxlt.

356 1853 530 1945 Philippus
558 1855 742 1944 l'9umeuus
765 1855 957 1925 Monasterii
979 1855 1031 1925 Ss.
1060 1853 1171 1946 Serpii
1188 1865 1219 1924 et
1235 1856 1357 1926 Eaccln'
1374 1856 1474 1925 tradit
1496 1859 1576 1926 Urso
1594 1857 1687 1925 Petro

259 1978 326 2070 pilio
349 1977 570 2050 molendinum
592 1981 691 2050 situm
715 1981 761 2053 ad
784 1979 957 2066 Tertium,
991 1993 1023 2053 et
1046 2005 1193 2054 annuum
1217 1984 1335 2068 tritici,
1357 1986 1520 2078 panaque
1543 2005 1684 2076 respou-

260 2102 397 2171 saticum
416 2101 667 2194 persolvendum
691 2106 813 2176 statuit.

890 2351 1061 2424 ccxxttt.

356 2577 530 2699 Portippa
565 2607 749 2697 reomaus
779 2603 969 2676 umnam·
1000 2603 1052 2672 os.
1081 2603 1193 2695 seps
1223 2614 1255 2672 e
1286 2605 1410 2675 sucos
1439 2605 1540 2675 creos
1570 2606 1685 2696 serpo

256 2733 446 2828 presbytero
470 2735 653 2807 Ecclesiam
678 2735 714 2806 S.
743 2733 950 2828 Eupnetniae
967 2731 1110 2825 positam
1134 2733 1170 2802 in
1192 2733 1326 2826 cepione
1350 2733 1546 2804 Ficoriolae.

889 2982 1058 3058 ccxxtv.

359 3233 499 3322 Scopius
524 3179 695 3324 presbyter
720 3231 881 3324 promittit
908 3229 1060 3320 Philippo
1092 3231 1256 3319 Epumeno
1279 3229 1472 3300 Monasterii
1495 3232 1546 3302 Sc.
1575 3233 1687 3324 Serpit

262 3368 295 3426 et
318 3356 443 3426 Bacchi
464 3377 534 3426 sese
556 3359 748 3446 [maclarum
771 3376 839 3426 esse
862 3353 1008 3424 motus
1029 3352 1141 3448 officiis
1163 3355 1200 3424 in
1221 3353 1373 3426 Ecclesia
1396 3355 1433 3425 S.
1453 3354 1679 3448 Euptmioc,

262 3487 357 3554 cuius
380 3483 505 3554 tradita
525 3483 589 3554 sili
611 3485 724 3578 sacrm
746 3483 911 3567 coendia,
937 3501 1128 3573 sanamque
1151 3480 1396 3575 supellectilem
1424 3503 1522 3574 quom
1546 3504 1685 3576 accepe-

261 3623 333 3695 rat,
359 3623 513 3684 necasset.

893 3856 1050 3930 GGXXV.

361 4125 473 4195 Drosu
496 4122 612 4196 Leonis
633 4118 724 4212 filio,
750 4117 961 4198 etiannum,
985 4116 1144 4188 nimirum
1165 4127 1325 4197 meteret
1346 4118 1437 4210 pilose
1458 4121 1604 4196 vudum
1627 4123 1688 4196 Si-

266 4253 360 4324 lictoe
384 4251 517 4324 loannis
538 4250 629 4345 filiae
646 4245 827 4342 praedium
843 4247 988 4340 positum
1009 4244 1208 4337 Serofiliani.
1459 4259 1465 4270 ·
