4888 6528
1438 529 1584 624 (ιιι)

788 709 1033 802 memoratoque
1056 707 1165 774 sancto
1189 706 1223 772 et
1244 688 1440 769 venerabilis
1462 695 1573 760 vesun
1588 679 1787 756 monasterio
1803 680 1900 756 nobis
1916 685 2099 785 nubeque
2116 689 2218 770 hem.

792 837 888 910 dibus
912 832 1029 906 exinde
1053 829 1093 901 ab
1117 848 1228 898 omnes
1252 821 1403 894 homines
1423 815 1579 911 omnique
1602 833 1757 910 personas
1772 814 1809 886 in
1823 814 1976 888 omnibus
1998 827 2155 896 antestare
2183 833 2218 898 et

745 962 749 972 '
792 959 957 1030 defensare
980 951 1122 1022 debeatis
1145 949 1266 1044 absque
1290 945 1381 1016 omni
1398 952 1523 1016 nostras
1546 938 1771 1034 heredumque
1786 949 1972 1014 nostrorum
1988 945 2131 1038 qualivet
2145 948 2213 1020 da-

788 1080 977 1154 mnietatem
999 1072 1122 1146 nudem
1145 1071 1240 1144 nobis
1265 1069 1384 1144 exinde
1407 1067 1570 1142 mittentes
1587 1063 1831 1138 occansionem
1849 1066 1938 1152 Quia
1949 1065 1996 1138 ita
2009 1067 2092 1142 iater
2113 1075 2211 1148 nobis

789 1199 976 1272 combenit:
1011 1193 1046 1269 Sl
1070 1201 1179 1266 autem
1204 1215 1263 1266 nos
1286 1202 1343 1264 ant
1366 1191 1502 1264 heredes
1525 1188 1643 1260 nostris
1666 1187 1787 1284 quobis
1808 1197 1954 1284 ternpore
1978 1201 2126 1267 combam
2151 1219 2211 1272 auc

788 1326 970 1401 chartulam
994 1322 1219 1420 promissionis
1252 1321 1299 1394 od
1326 1342 1426 1415 super
1450 1317 1571 1414 legitur
1593 1315 1705 1389 venire
1725 1319 1997 1411 presumserimus
2025 1329 2058 1392 et
2090 1323 2127 1396 in
2149 1325 2212 1398 ali,

789 1453 869 1550 quid
902 1450 1026 1525 0uensi-
1040 1447 1197 1524 fuerimus
1230 1469 1290 1542 pec
1313 1445 1430 1542 quobis
1452 1443 1588 1516 modum
1610 1441 1674 1513 aud
1698 1443 1901 1516 summissum
1930 1465 2102 1538 mam
2135 1454 2210 1521 tune

797 1581 1028 1676 componimus
1061 1575 1155 1650 cobis
1187 1575 1388 1670 posterisque
1419 1571 1535 1646 restris
1559 1576 1803 1666 memoratoque
1825 1577 1992 1664 sanctorm
2024 1573 2215 1648 venerabilia

792 1717 902 1782 vestro
933 1704 1130 1778 monasterio
1162 1703 1234 1773 auri
1268 1700 1389 1773 solidos
1424 1699 1557 1793 tciqisnta
1585 1719 1642 1772 sex
1664 1696 1893 1792 bytbianteoc:
1920 1707 1953 1769 et
1974 1697 2036 1772 bec
2067 1700 2209 1776 ehertrde

797 1827 1020 1934 promissionis
1043 1827 1087 1898 ud
1110 1847 1208 1920 super
1231 1825 1352 1920 legitur
1375 1825 1425 1898 sid
1449 1826 1575 1898 monem
1592 1822 1745 1918 scriptam
1760 1843 1818 1916 pec
1834 1845 1967 1896 menum
1983 1825 2068 1918 petri
2081 1827 2212 1901 curialia

802 1975 862 2047 per
885 1949 1105 2023 indictionem:
1128 1957 1343 2020 memoratam
1366 1954 1491 2018 sextam
1514 1945 1546 2039 †
2155 2021 2157 2025 ,

895 2075 970 2146 Hoc
994 2075 1123 2168 signum
1148 2069 1179 2166 †
1202 2093 1316 2144 manus
1340 2070 1513 2142 memorati
1535 2067 1619 2163 petri
1643 2066 1850 2142 secundicerii
1873 2089 1935 2162 pro
1958 2070 2029 2144 vioe
2059 2095 2119 2144 sue
2142 2083 2212 2148 tam

800 2225 861 2298 pro
884 2202 956 2274 vice
980 2210 1013 2272 et
1035 2201 1210 2273 memorati
1232 2181 1377 2294 gregorii
1398 2195 1528 2292 cognati
1551 2197 1601 2268 sui
1624 2195 1797 2294 signum†
1822 2217 1936 2272 mansu
1960 2203 2129 2274 memorati
2154 2226 2216 2274 ce-

797 2331 878 2405 sarii
901 2329 991 2428 quod
1015 2351 1078 2426 epo
1101 2329 1159 2425 qui
1184 2337 1381 2398 memoratos
1405 2327 1446 2396 ab
1468 2327 1515 2399 eis
1538 2335 1671 2421 rogatus
1693 2347 1753 2419 pro
1776 2323 1822 2398 eir
1844 2324 2049 2419 subscripsit:
2073 2327 2105 2421 †

893 2465 927 2524 et
949 2475 989 2524 oc
1013 2451 1183 2524 memorati
1207 2471 1320 2522 sumus
1344 2448 1387 2523 ud
1404 2451 1599 2546 quandoque
1614 2449 1735 2522 ibidem
1750 2447 1881 2542 glandes
1898 2449 2025 2522 abueris
2043 2454 2108 2525 aud
2133 2479 2219 2550 qus-

800 2581 969 2672 locunrque
1006 2575 1130 2648 tructus
1160 2572 1283 2646 ibidem
1314 2573 1393 2646 deus
1425 2571 1547 2646 dederit
1583 2581 1660 2648 tune
1695 2591 1755 2644 nos
1789 2583 1822 2663 et
1846 2573 1982 2680 heredes
2018 2579 2134 2650 nostris
2168 2580 2250 2682 illa·

801 2704 954 2801 colligere
978 2701 1152 2778 debeamus
1175 2711 1207 2774 et
1229 2701 1302 2774 illas
1325 2701 1497 2777 vobiscum
1521 2711 1554 2776 et
1577 2723 1653 2776 cem
1676 2702 1812 2798 posteris
1834 2703 1951 2776 vestris
1984 2703 2128 2780 dividere
2154 2709 2219 2783 de-

801 2835 933 2906 beamus
955 2854 1014 2928 per
1036 2854 1095 2904 sex
1117 2831 1230 2904 uncias
1254 2851 1313 2902 ros
1337 2838 1369 2901 et
1392 2830 1527 2926 posteris
1551 2831 1668 2903 restris
1689 2829 1861 2904 medietate
1885 2840 1917 2902 et
1941 2854 1998 2906 nos
2032 2843 2065 2909 et
2087 2834 2221 2909 heredes

805 2961 923 3034 nostris
946 2959 1116 3034 medietato
1138 2967 1171 3030 et
1195 2958 1278 3052 ipsas
1298 2955 1485 3028 senencias
1507 2963 1629 3030 nestros
1647 2954 1740 3030 robis
1755 2956 1955 3053 posterisque
1977 2961 2090 3033 restris
2113 2970 2221 3034 tccere

805 3089 977 3162 debeamus
1005 3107 1107 3186 usque
1134 3085 1220 3160 intus
1248 3090 1425 3156 memorata
1456 3081 1660 3158 bobsrlientia
1695 3093 1801 3156 vestm
1833 3085 1932 3181 gratis
1967 3095 2000 3158 et
2027 3087 2221 3183 quandoque

805 3217 926 3292 ibidem
952 3237 1039 3290 escas
1063 3215 1192 3290 obueris
1215 3225 1287 3309 post
1311 3213 1380 3308 ipse
1395 3212 1512 3285 inserte
1527 3210 1681 3307 colligere
1695 3210 1826 3288 licentia
1842 3223 1874 3288 et
1888 3223 2079 3312 potesmtem
2103 3217 2221 3291 abeatis

805 3367 864 3416 vos
887 3353 920 3418 et
942 3344 1079 3442 pesteris
1101 3343 1215 3415 vestris
1239 3341 1359 3414 ibidem
1383 3340 1475 3436 porci
1499 3339 1600 3414 vestri
1622 3363 1742 3436 ponere
1765 3344 1887 3441 absque
1903 3349 1992 3420 omni
2008 3357 2132 3417 nostras
2148 3368 2221 3416 am.

806 3472 1049 3546 maricstionem
1064 3479 1097 3540 et
1110 3489 1170 3540 nos
1185 3469 1348 3544 licentiam
1365 3469 1479 3542 abeam
1495 3469 1648 3542 abeamus
1663 3469 1780 3544 ibidem
1794 3473 1885 3566 porci
1901 3475 2004 3548 nostri
2022 3497 2165 3572 ponere:
2192 3473 2223 3571 †

905 3595 938 3690 †
960 3617 1022 3689 ego
1046 3593 1202 3668 iohannes
1225 3596 1311 3668 filins
1335 3595 1458 3668 domini
1480 3597 1595 3672 stolaru'
1617 3598 1688 3671 tssb'
1710 3598 1882 3696 subscripsi
1896 3603 1939 3706 'l'

902 3720 935 3820 †
958 3743 1024 3813 εγω
1046 3739 1203 3818 necepsos
1226 3725 1363 3810 &oteres
1378 3699 1562 3795 δῖιοαννει
1585 3745 1697 3797 scorto
1720 3707 1853 3824 (τῶ-Ι·

902 3845 935 3941 †
958 3848 1030 3942 Ego
1053 3849 1222 3946 gregorius
1245 3847 1409 3922 Coriolis:
1435 3849 1525 3922 testis
1549 3851 1726 3948 subscripsi
1748 3851 1779 3948 †
1995 3843 1997 3850 ’

901 3971 933 4068 †
956 3971 1027 4070 Ege
1049 3981 1160 4070 petrus
1182 3975 1315 4050 curialis
1343 3971 1514 4072 complevi
1538 3983 1571 4048 et
1594 3975 1720 4072 cbsnlri
1742 3999 1801 4077 pe·
1823 3978 2018 4056 indictione:
2048 3990 2222 4059 memorata

807 4111 908 4177 sexte:
933 4101 966 4202 †
