4888 6528
1418 651 1564 751 (suo)

1416 943 1562 1017 OCGXL

637 1230 702 1302 An,
885 1210 978 1306 †1n
1008 1207 1140 1280 nomine
1170 1201 1295 1278 domiti
1325 1204 1378 1278 dei
1410 1203 1579 1278 salvatoris
1608 1187 1713 1276 notui
1745 1205 1842 1283 ihesu
1873 1205 1994 1280 Christi
2026 1211 2203 1307 turpem

617 1367 729 1428 tons.
780 1336 912 1414 domino
934 1345 1046 1408 nostro
1068 1331 1274 1406 mactantino
1296 1331 1633 1427 magnoimperatore
1665 1353 1752 1404 anuo
1785 1335 1992 1429 sexagoeimo
2012 1335 2128 1434 quinto
2157 1340 2205 1413 die

782 1464 934 1542 vicesima
959 1461 1051 1536 tertia
1076 1460 1199 1532 mensis
1219 1457 1348 1554 augusti
1372 1457 1546 1528 indictione
1561 1455 1731 1527 undecima
1748 1457 1899 1554 neapolie
1913 1461 2131 1536 Definibimus
2148 1487 2204 1538 uos

782 1592 917 1674 marino,
936 1599 970 1661 at
993 1587 1149 1684 gregorio
1172 1585 1307 1676 uterinis
1331 1581 1492 1682 germanis
1529 1585 1603 1657 filiis
1635 1583 1801 1682 quondam
1832 1585 1956 1660 domini
1988 1585 2140 1663 iohannis
2163 1591 2201 1662 de

617 1773 620 1780 ,
781 1716 915 1790 domino
937 1711 1172 1804 christophulo.
1209 1717 1243 1780 et
1266 1709 1431 1804 quondam
1455 1707 1585 1780 domina
1609 1707 1711 1780 maria
1736 1707 1870 1784 honesta
1893 1712 2014 1786 femina
2044 1714 2104 1812 qui
2127 1737 2205 1788 ωι-

695 1859 699 1866 ’
778 1843 879 1918 reuda
902 1841 1101 1914 clamabatur
1123 1839 1281 1932 iugalium
1305 1861 1528 1933 personarum.
1554 1838 1722 1912 vobimum
1745 1841 1884 1937 denique
1900 1843 2034 1916 domino
2049 1849 2203 1942 gregorio

779 1969 849 2042 titio
871 1965 1036 2064 quondam
1062 1961 1185 2034 domini
1208 1962 1356 2058 stephani
1379 1971 1596 2058 cognomento
1617 1965 1754 2038 inferno.
1777 1965 1818 2038 de
1841 1968 2019 2042 intentione
2034 1989 2100 2061 mre
2114 1967 2201 2042 inter

780 2115 840 2166 uos
863 2092 1024 2164 abuimus.
1047 2097 1178 2182 propter
1201 2108 1289 2158 casas
1312 2089 1446 2162 maraidi
1471 2089 1651 2186 presbyteri
1675 2097 1708 2160 et
1731 2089 1829 2184 gictio
1851 2089 2025 2186 germmisi
2042 2089 2130 2162 etde
2145 2091 2205 2162 io-

779 2225 886 2296 hanua
911 2219 979 2292 fitio
1003 2214 1128 2290 albirici
1156 2213 1221 2292 hoe
1244 2227 1292 2290 eat
1316 2213 1395 2285 chiis
1419 2223 1452 2285 et
1475 2221 1592 2310 nepote
1617 2215 1692 2290 fitiia
1710 2227 1743 2285 et
1757 2226 1873 2309 nepotc
1895 2217 2060 2312 quondan
2076 2215 2202 2288 iotam·

781 2352 833 2422 uis
859 2349 954 2446 gictii¹
978 2348 1188 2420 abitatorihus
1211 2351 1251 2422 de
1275 2346 1350 2419 loeo
1381 2345 1452 2439 puli
1486 2344 1651 2418 territorio
1673 2319 1848 2418 'liburnus
1878 2365 1983 2418 messe
2012 2344 2197 2438 patrimae:

778 2473 999 2546 homminxirus
1023 2473 1148 2542 vestris.
1174 2473 1214 2543 de
1238 2491 1304 2566 qua
1327 2479 1359 2540 te
1375 2469 1574 2567 quesibimus
1592 2469 1728 2544 diceudo
1745 2489 1819 2564 pars
1833 2477 1943 2538 nostra
1956 2468 2001 2540 ud
2015 2467 2203 2538 memoratis

775 2600 966 2672 hominihus
998 2621 1073 2671 cum
1106 2597 1152 2668 eis
1184 2597 1420 2692 pertinentibus
1443 2597 1536 2670 nobis
1568 2606 1602 2670 et
1633 2595 1674 2668 ad
1707 2605 1890 2666 memorato
1913 2593 2059 2690 genitore
2089 2603 2201 2668 nocuo

777 2725 893 2796 exinde
917 2721 1087 2796 medietate
1111 2721 1288 2818 pcrtinead.
1307 2729 1340 2793 et
1355 2744 1414 2792 nos
1429 2721 1495 2792 illie
1513 2720 1727 2793 tenuissemus
1743 2729 1776 2790 et
1792 2719 2053 2794 dominassemus.
2076 2731 2108 2790 et
2124 2743 2201 2812 pars

632 2865 639 2878 '
778 2857 834 2920 tua
849 2847 1016 2940 replecans
1032 2847 1142 2920 diceus
1156 2845 1238 2918 absit
1253 2846 1331 2941 quia
1348 2846 1469 2916 veritas
1489 2867 1556 2916 non
1571 2853 1629 2915 est.
1651 2844 1708 2915 sed
1724 2833 1875 2924 dicebatis
1891 2841 1936 2914 ud
1951 2843 1997 2913 tui
2011 2842 2199 2928 hominibus

778 2975 914 3048 tuissent
933 2983 965 3044 et
979 2973 1051 3045 siat.
1070 2983 1103 3046 et
1116 2995 1176 3044 nos
1192 2985 1225 3044 et
1241 2983 1424 3046 memorato
1442 2971 1588 3066 genitore
1604 2981 1715 3040 nostro
1730 2970 1764 3041 in
1781 2971 1826 3042 cis
1841 2971 1929 3041 nulia
1946 2971 2198 3045 dominationem

774 3095 977 3170 abuissemus
999 3107 1031 3170 te
1055 3097 1194 3169 sciente:
1220 3100 1259 3172 de
1280 3121 1345 3192 qua
1360 3097 1461 3170 muita
1477 3093 1705 3168 haltercatioue
1721 3095 1839 3169 exinde
1856 3099 1939 3168 inter
1953 3119 2012 3168 nos
2035 3095 2199 3166 anninus.

773 3249 861 3297 nunc
886 3213 995 3298 aut'em
1024 3227 1206 3300 iudicatum
1233 3239 1282 3299 cst
1305 3227 1422 3301 exinde
1446 3229 1530 3299 inter
1553 3227 1647 3300 nobis
1669 3227 1715 3300 ud
1748 3227 1775 3298 si
1807 3229 1947 3323 potuerit
1983 3252 2056 3324 pars
2087 3237 2197 3298 nostra

773 3349 834 3420 tibi
857 3348 1099 3422 hostensionem
1124 3352 1229 3422 facere
1252 3349 1418 3447 quomodo
1443 3332 1476 3422 iu
1500 3351 1685 3424 memoratis
1714 3349 1900 3424 hominibus
1923 3377 1982 3424 nos
2005 3363 2038 3424 et
2059 3375 2198 3426 memo-

772 3473 847 3549 rato
869 3481 1009 3574 genitori
1042 3489 1154 3552 nostro
1181 3481 1435 3552 dominationem
1461 3481 1673 3555 abuissemus.
1701 3483 1891 3555 haberemus
1913 3483 1986 3552 ilios
2003 3482 2040 3551 in
2053 3493 2144 3551 antea
2160 3492 2198 3552 et

770 3611 805 3670 tu
830 3623 949 3695 ponere
965 3603 1060 3676 nohis
1077 3603 1197 3674 exinde
1216 3603 1432 3677 securitatem.
1447 3607 1497 3678 sin
1513 3617 1624 3692 entem
1638 3609 1759 3680 iuraret
1773 3631 1845 3704 pars
1860 3619 1915 3681 tua
1929 3605 2023 3678 nobis
2034 3615 2068 3682 et
2083 3591 2196 3682 dicere

772 3726 817 3797 ud
831 3729 1019 3828 memoratis
1048 3725 1239 3800 hominibus
1262 3739 1299 3803 tu
1323 3733 1480 3806 tenuisset
1496 3745 1530 3807 et
1545 3733 1750 3810 dominasees.
1766 3744 1799 3806 et
1813 3757 1872 3808 uos
1886 3735 1921 3808 iu
1936 3735 1982 3808 eis
1995 3733 2117 3806 nuliam
2131 3737 2195 3807 do-

766 3849 976 3926 minationem
1005 3854 1208 3938 ahuissemus
1231 3866 1263 3928 te
1286 3857 1407 3930 sciente
1431 3882 1490 3933 nos
1514 3881 1708 3955 poneremus
1732 3859 1791 3932 tibi
1816 3860 1931 3933 exinde
1954 3860 2060 3932 taliter
2089 3881 2192 3932 seeu-

770 3983 908 4056 ritatem.
937 3995 969 4056 et
992 3987 1069 4082 quia
1095 4009 1161 4057 non
1185 3991 1292 4082 potuit
1315 4013 1389 4086 pars
1413 4001 1521 4064 nostra
1545 3991 1650 4065 taliter
1673 3993 1732 4064 tibi
1768 3991 1840 4064 ilios
1869 3989 2069 4064 hostendere.
2094 4001 2127 4060 et
2151 3999 2188 4060 tu

764 4086 899 4200 paratus
923 4109 1032 4182 fuistis
1057 4111 1153 4183 nohis
1176 4115 1295 4188 exinde
1318 4116 1453 4210 probem
1476 4117 1584 4212 ipsum
1606 4113 1851 4189 sacramentum.
1878 4125 1925 4188 set
1939 4139 2026 4190 nunc
2054 4117 2188 4190 domino

736 4219 737 4224 ¹
763 4231 829 4300 deo
852 4233 1028 4305 auxiliante
1052 4259 1111 4330 per
1134 4237 1300 4332 colloquia
1324 4263 1487 4312 sonorum
1510 4239 1707 4314 homiuibus
1721 4241 1869 4314 venimus
1893 4241 2010 4316 exinde
2025 4243 2066 4314 ad
2086 4243 2186 4314 'com-

762 4355 927 4430 henientia
950 4362 995 4432 ud
1019 4369 1054 4431 tu
1078 4362 1169 4438 dares
1192 4367 1285 4438 nobis
1308 4365 1425 4438 exinde
1451 4367 1523 4438 auri
1546 4367 1665 4440 solidos
1684 4367 1785 4441 hoeto,
1798 4367 1839 4440 de
1855 4370 1916 4440 tari
1940 4391 1998 4440 ena
2020 4368 2187 4464 quadtuor

761 4483 827 4554 tari
850 4507 909 4579 per
932 4508 1130 4588 unoquoque
1161 4493 1299 4566 solidum
1334 4503 1368 4566 et
1403 4517 1464 4566 nos
1495 4493 1690 4590 poneremus
1724 4497 1783 4570 tibi
1817 4499 1934 4572 exinde
1958 4497 2064 4570 taliter
2097 4497 2196 4588 haue,

761 4605 944 4684 chartulam
967 4615 1197 4707 promissionis.
1225 4625 1258 4688 et
1280 4619 1357 4716 quia
1381 4619 1416 4691 in
1443 4619 1717 4715 presentisnebis
1748 4621 1879 4694 deducu
1908 4621 2078 4695 memorati
2111 4624 2183 4694 auri
2303 4645 2308 4654 ·

757 4733 882 4809 mlidos
900 4741 1016 4814 hecto?
1032 4757 1065 4818 et
1089 4747 1175 4840 apud
1200 4766 1259 4820 nes
1286 4748 1348 4818 iilis
1371 4747 1530 4818 habemus
1550 4747 1694 4822 faciendi
1720 4773 1785 4850 qne
1818 4751 2029 4824 uoluerimus
2058 4751 2180 4828 Deinde

758 4874 792 4935 et
812 4887 876 4938 uos
894 4882 1079 4943 memorato
1097 4875 1223 4946 marino
1247 4883 1280 4946 et
1304 4877 1462 4970 gregorio
1482 4877 1616 4950 uterinis
1639 4881 1802 4976 germanis
1824 4881 2013 4976 peneadem
2046 4881 2184 4952 cambe·

759 4991 914 5067 mmmm
937 5019 1000 5094 per
1021 5021 1085 5070 auc·
1105 4999 1283 5073 chartulam
1306 5003 1565 5096 mpromictimus
1590 5006 1650 5081 tibi
1673 5007 2005 5080 memomtodomiun
2025 5010 2183 5105 gregorio
