<?xml version="1.0" encoding="UTF-8"?>
<!DOCTYPE html PUBLIC "-//W3C//DTD XHTML 1.0 Transitional//EN"
    "http://www.w3.org/TR/xhtml1/DTD/xhtml1-transitional.dtd">
<html xmlns="http://www.w3.org/1999/xhtml" xml:lang="en" lang="en">
 <head>
  <title>
</title>
<meta http-equiv="Content-Type" content="text/html;charset=utf-8" />
  <meta name='ocr-system' content='tesseract 3.04.00' />
  <meta name='ocr-capabilities' content='ocr_page ocr_carea ocr_par ocr_line ocrx_word'/>
</head>
<body>
  <div class='ocr_page' id='page_1' title='image "./monumentaeditaa03napogoog_0357.png"; bbox 0 0 4934 6532; ppageno 0'>
   <div class='ocr_carea' id='block_1_1' title="bbox 913 659 1054 758">
    <p class='ocr_par' dir='ltr' id='par_1_1' title="bbox 913 659 1054 758">
     <span class='ocr_line' id='line_1_1' title="bbox 913 659 1054 758; baseline -0.021 -25"><span class='ocrx_word' id='word_1_1' title='bbox 913 659 1054 758; x_wconf 78' lang='lat'><strong>(305)</strong></span> 
     </span>
    </p>
   </div>
   <div class='ocr_carea' id='block_1_2' title="bbox 271 812 1798 1666">
    <p class='ocr_par' dir='ltr' id='par_1_2' title="bbox 271 812 1798 1666">
     <span class='ocr_line' id='line_1_2' title="bbox 275 812 1699 916; baseline 0.008 -33"><span class='ocrx_word' id='word_1_2' title='bbox 275 813 402 884; x_wconf 84' lang='lat' dir='ltr'><strong>elerici.</strong></span> <span class='ocrx_word' id='word_1_3' title='bbox 435 833 493 884; x_wconf 87' lang='lat' dir='ltr'><strong>sen</strong></span> <span class='ocrx_word' id='word_1_4' title='bbox 518 819 551 885; x_wconf 87' lang='lat' dir='ltr'><strong>et</strong></span> <span class='ocrx_word' id='word_1_5' title='bbox 574 812 711 885; x_wconf 86' lang='lat' dir='ltr'><strong>maraldi</strong></span> <span class='ocrx_word' id='word_1_6' title='bbox 735 819 769 884; x_wconf 90' lang='lat' dir='ltr'><strong>et</strong></span> <span class='ocrx_word' id='word_1_7' title='bbox 794 813 923 885; x_wconf 87' lang='lat' dir='ltr'><strong>bisantii</strong></span> <span class='ocrx_word' id='word_1_8' title='bbox 947 815 1056 910; x_wconf 88' lang='lat' dir='ltr'><strong>nepoti</strong></span> <span class='ocrx_word' id='word_1_9' title='bbox 1082 816 1130 886; x_wconf 89' lang='lat' dir='ltr'><strong>tui</strong></span> <span class='ocrx_word' id='word_1_10' title='bbox 1150 817 1207 912; x_wconf 89' lang='lat' dir='ltr'><strong>qui</strong></span> <span class='ocrx_word' id='word_1_11' title='bbox 1232 839 1329 911; x_wconf 82' lang='lat' dir='ltr'><strong>supra</strong></span> <span class='ocrx_word' id='word_1_12' title='bbox 1354 819 1423 890; x_wconf 86' lang='lat' dir='ltr'><strong>ursi</strong></span> <span class='ocrx_word' id='word_1_13' title='bbox 1450 819 1509 892; x_wconf 87' lang='lat' dir='ltr'><strong>tilii</strong></span> <span class='ocrx_word' id='word_1_14' title='bbox 1533 824 1699 916; x_wconf 85' lang='lat' dir='ltr'><strong>quondam</strong></span> 
     </span>
     <span class='ocr_line' id='line_1_3' title="bbox 272 937 1798 1038; baseline 0.006 -31"><span class='ocrx_word' id='word_1_15' title='bbox 272 937 427 1034; x_wconf 89' lang='lat' dir='ltr'><strong>iaquinti.</strong></span> <span class='ocrx_word' id='word_1_16' title='bbox 451 959 551 1032; x_wconf 86' lang='lat' dir='ltr'><strong>quam</strong></span> <span class='ocrx_word' id='word_1_17' title='bbox 576 946 609 1010; x_wconf 89' lang='lat' dir='ltr'><strong>et</strong></span> <span class='ocrx_word' id='word_1_18' title='bbox 635 937 728 1010; x_wconf 85' lang='lat' dir='ltr'><strong>vobis</strong></span> <span class='ocrx_word' id='word_1_19' title='bbox 757 939 912 1011; x_wconf 85' lang='lat' dir='ltr'><strong>domnelli</strong></span> <span class='ocrx_word' id='word_1_20' title='bbox 941 950 974 1010; x_wconf 90' lang='lat' dir='ltr'><strong>et</strong></span> <span class='ocrx_word' id='word_1_21' title='bbox 1002 939 1080 1012; x_wconf 74' lang='lat' dir='ltr'><strong>talisi</strong></span> <span class='ocrx_word' id='word_1_22' title='bbox 1110 942 1256 1037; x_wconf 78' lang='lat' dir='ltr'><strong>germani</strong></span> <span class='ocrx_word' id='word_1_23' title='bbox 1289 942 1345 1014; x_wconf 88' lang='lat' dir='ltr'><strong>filii</strong></span> <span class='ocrx_word' id='word_1_24' title='bbox 1376 945 1540 1038; x_wconf 86' lang='lat' dir='ltr'><strong>qnondam</strong></span> <span class='ocrx_word' id='word_1_25' title='bbox 1566 943 1699 1016; x_wconf 89' lang='lat' dir='ltr'><strong>iobanni</strong></span> <span class='ocrx_word' id='word_1_26' title='bbox 1795 984 1798 990; x_wconf 71' lang='lat'>‚</span> 
     </span>
     <span class='ocr_line' id='line_1_4' title="bbox 273 1063 1695 1163; baseline 0.006 -29"><span class='ocrx_word' id='word_1_27' title='bbox 273 1077 305 1136; x_wconf 88' lang='lat' dir='ltr'><strong>et</strong></span> <span class='ocrx_word' id='word_1_28' title='bbox 330 1073 464 1160; x_wconf 75' lang='lat' dir='ltr'>nepotes</span> <span class='ocrx_word' id='word_1_29' title='bbox 489 1063 633 1139; x_wconf 85' lang='lat' dir='ltr'><strong>amrandi</strong></span> <span class='ocrx_word' id='word_1_30' title='bbox 659 1075 696 1137; x_wconf 92' lang='lat' dir='ltr'><strong>ut</strong></span> <span class='ocrx_word' id='word_1_31' title='bbox 719 1066 814 1140; x_wconf 88' lang='lat' dir='ltr'><strong>liberi</strong></span> <span class='ocrx_word' id='word_1_32' title='bbox 840 1068 928 1140; x_wconf 89' lang='lat' dir='ltr'><strong>siatis</strong></span> <span class='ocrx_word' id='word_1_33' title='bbox 961 1079 994 1139; x_wconf 88' lang='lat' dir='ltr'><strong>et</strong></span> <span class='ocrx_word' id='word_1_34' title='bbox 1018 1070 1209 1163; x_wconf 67' lang='lat' dir='ltr'><strong>per-sonibus</strong></span> <span class='ocrx_word' id='word_1_35' title='bbox 1241 1070 1356 1142; x_wconf 84' lang='lat' dir='ltr'><strong>vestris</strong></span> <span class='ocrx_word' id='word_1_36' title='bbox 1379 1071 1472 1142; x_wconf 90' lang='lat' dir='ltr'><strong>nobis</strong></span> <span class='ocrx_word' id='word_1_37' title='bbox 1497 1095 1556 1142; x_wconf 86' lang='lat' dir='ltr'><strong>nee</strong></span> <span class='ocrx_word' id='word_1_38' title='bbox 1579 1080 1611 1140; x_wconf 88' lang='lat' dir='ltr'><strong>at</strong></span> <span class='ocrx_word' id='word_1_39' title='bbox 1634 1094 1695 1142; x_wconf 91' lang='lat' dir='ltr'><strong>no-</strong></span> 
     </span>
     <span class='ocr_line' id='line_1_5' title="bbox 272 1188 1696 1291; baseline 0.006 -32"><span class='ocrx_word' id='word_1_40' title='bbox 272 1191 345 1262; x_wconf 88' lang='lat' dir='ltr'><strong>stris</strong></span> <span class='ocrx_word' id='word_1_41' title='bbox 371 1188 544 1263; x_wconf 87' lang='lat' dir='ltr'><strong>heredibus</strong></span> <span class='ocrx_word' id='word_1_42' title='bbox 567 1189 658 1262; x_wconf 84' lang='lat' dir='ltr'><strong>nulla</strong></span> <span class='ocrx_word' id='word_1_43' title='bbox 675 1200 723 1263; x_wconf 84' lang='lat' dir='ltr'><strong>est</strong></span> <span class='ocrx_word' id='word_1_44' title='bbox 736 1192 917 1287; x_wconf 81' lang='lat' dir='ltr'><strong>pertinens.</strong></span> <span class='ocrx_word' id='word_1_45' title='bbox 940 1195 1017 1268; x_wconf 86' lang='lat' dir='ltr'><strong>ideo</strong></span> <span class='ocrx_word' id='word_1_46' title='bbox 1035 1205 1072 1266; x_wconf 90' lang='lat' dir='ltr'><strong>ut</strong></span> <span class='ocrx_word' id='word_1_47' title='bbox 1089 1196 1233 1269; x_wconf 82' lang='lat' dir='ltr'>diximus</span> <span class='ocrx_word' id='word_1_48' title='bbox 1248 1195 1307 1268; x_wconf 87' lang='lat' dir='ltr'><strong>bos</strong></span> <span class='ocrx_word' id='word_1_49' title='bbox 1335 1197 1602 1291; x_wconf 83' lang='lat' dir='ltr'><strong>supranominato</strong></span> <span class='ocrx_word' id='word_1_50' title='bbox 1619 1219 1696 1267; x_wconf 91' lang='lat' dir='ltr'><strong>urso</strong></span> 
     </span>
     <span class='ocr_line' id='line_1_6' title="bbox 271 1318 1696 1418; baseline 0.004 -29"><span class='ocrx_word' id='word_1_51' title='bbox 271 1320 330 1412; x_wconf 86' lang='lat' dir='ltr'><strong>qui</strong></span> <span class='ocrx_word' id='word_1_52' title='bbox 355 1318 476 1389; x_wconf 86' lang='lat' dir='ltr'><strong>dieitur</strong></span> <span class='ocrx_word' id='word_1_53' title='bbox 497 1318 652 1414; x_wconf 84' lang='lat' dir='ltr'><strong>raparuio</strong></span> <span class='ocrx_word' id='word_1_54' title='bbox 675 1329 708 1392; x_wconf 86' lang='lat' dir='ltr'><strong>et</strong></span> <span class='ocrx_word' id='word_1_55' title='bbox 731 1320 879 1392; x_wconf 78' lang='lat' dir='ltr'><strong>meraldo</strong></span> <span class='ocrx_word' id='word_1_56' title='bbox 901 1329 935 1392; x_wconf 92' lang='lat' dir='ltr'><strong>et</strong></span> <span class='ocrx_word' id='word_1_57' title='bbox 958 1321 1098 1394; x_wconf 88' lang='lat' dir='ltr'><strong>bisantio</strong></span> <span class='ocrx_word' id='word_1_58' title='bbox 1123 1333 1156 1396; x_wconf 88' lang='lat' dir='ltr'><strong>et</strong></span> <span class='ocrx_word' id='word_1_59' title='bbox 1178 1322 1342 1395; x_wconf 86' lang='lat' dir='ltr'><strong>domneilo</strong></span> <span class='ocrx_word' id='word_1_60' title='bbox 1375 1332 1408 1394; x_wconf 92' lang='lat' dir='ltr'><strong>et</strong></span> <span class='ocrx_word' id='word_1_61' title='bbox 1432 1323 1516 1394; x_wconf 88' lang='lat' dir='ltr'><strong>taleo</strong></span> <span class='ocrx_word' id='word_1_62' title='bbox 1540 1324 1599 1418; x_wconf 85' lang='lat' dir='ltr'><strong>qui</strong></span> <span class='ocrx_word' id='word_1_63' title='bbox 1621 1324 1696 1394; x_wconf 87' lang='lat' dir='ltr'><strong>estis</strong></span> 
     </span>
     <span class='ocr_line' id='line_1_7' title="bbox 271 1440 1695 1542; baseline 0.005 -31"><span class='ocrx_word' id='word_1_64' title='bbox 271 1440 465 1513; x_wconf 80' lang='lat' dir='ltr'><strong>habiuroras</strong></span> <span class='ocrx_word' id='word_1_65' title='bbox 489 1442 529 1514; x_wconf 87' lang='lat' dir='ltr'><strong>de</strong></span> <span class='ocrx_word' id='word_1_66' title='bbox 551 1441 670 1516; x_wconf 78' lang='lat' dir='ltr'><strong>tinibus</strong></span> <span class='ocrx_word' id='word_1_67' title='bbox 686 1441 779 1516; x_wconf 78' lang='lat' dir='ltr'><strong>calbo</strong></span> <span class='ocrx_word' id='word_1_68' title='bbox 795 1443 869 1514; x_wconf 88' lang='lat' dir='ltr'><strong>loeo</strong></span> <span class='ocrx_word' id='word_1_69' title='bbox 887 1453 996 1516; x_wconf 88' lang='lat' dir='ltr'><strong>monte</strong></span> <span class='ocrx_word' id='word_1_70' title='bbox 1013 1445 1151 1517; x_wconf 88' lang='lat' dir='ltr'><strong>marsioo</strong></span> <span class='ocrx_word' id='word_1_71' title='bbox 1168 1463 1269 1542; x_wconf 85' lang='lat' dir='ltr'><strong>prope</strong></span> <span class='ocrx_word' id='word_1_72' title='bbox 1286 1447 1455 1520; x_wconf 83' lang='lat' dir='ltr'><strong>ecetesiam</strong></span> <span class='ocrx_word' id='word_1_73' title='bbox 1472 1448 1572 1519; x_wconf 87' lang='lat' dir='ltr'><strong>sancti</strong></span> <span class='ocrx_word' id='word_1_74' title='bbox 1591 1471 1695 1542; x_wconf 78' lang='lat' dir='ltr'><strong>geor-</strong></span> 
     </span>
     <span class='ocr_line' id='line_1_8' title="bbox 271 1570 1695 1666; baseline 0.001 -24"><span class='ocrx_word' id='word_1_75' title='bbox 271 1571 334 1664; x_wconf 79' lang='lat' dir='ltr'><strong>gii.</strong></span> <span class='ocrx_word' id='word_1_76' title='bbox 365 1570 459 1644; x_wconf 88' lang='lat' dir='ltr'><strong>liberi</strong></span> <span class='ocrx_word' id='word_1_77' title='bbox 484 1572 558 1644; x_wconf 87' lang='lat' dir='ltr'><strong>estis</strong></span> <span class='ocrx_word' id='word_1_78' title='bbox 593 1581 625 1644; x_wconf 92' lang='lat' dir='ltr'><strong>et</strong></span> <span class='ocrx_word' id='word_1_79' title='bbox 653 1595 713 1644; x_wconf 84' lang='lat' dir='ltr'><strong>nee</strong></span> <span class='ocrx_word' id='word_1_80' title='bbox 736 1573 928 1666; x_wconf 89' lang='lat' dir='ltr'><strong>personibus</strong></span> <span class='ocrx_word' id='word_1_81' title='bbox 960 1574 1075 1644; x_wconf 88' lang='lat' dir='ltr'><strong>vestris</strong></span> <span class='ocrx_word' id='word_1_82' title='bbox 1108 1597 1168 1644; x_wconf 86' lang='lat' dir='ltr'><strong>neo</strong></span> <span class='ocrx_word' id='word_1_83' title='bbox 1192 1575 1290 1645; x_wconf 89' lang='lat' dir='ltr'><strong>rebus</strong></span> <span class='ocrx_word' id='word_1_84' title='bbox 1315 1583 1347 1646; x_wconf 90' lang='lat' dir='ltr'><strong>et</strong></span> <span class='ocrx_word' id='word_1_85' title='bbox 1371 1575 1555 1645; x_wconf 76' lang='lat' dir='ltr'><strong>substantiIs</strong></span> <span class='ocrx_word' id='word_1_86' title='bbox 1580 1574 1695 1644; x_wconf 88' lang='lat' dir='ltr'><strong>vestris</strong></span> 
     </span>
    </p>
   </div>
   <div class='ocr_carea' id='block_1_3' title="bbox 270 1699 1818 1796">
    <p class='ocr_par' dir='ltr' id='par_1_3' title="bbox 270 1699 1818 1796">
     <span class='ocr_line' id='line_1_9' title="bbox 270 1699 1818 1796; baseline 0.001 -25"><span class='ocrx_word' id='word_1_87' title='bbox 270 1722 330 1772; x_wconf 85' lang='lat' dir='ltr'><strong>nec</strong></span> <span class='ocrx_word' id='word_1_88' title='bbox 354 1702 447 1774; x_wconf 91' lang='lat' dir='ltr'><strong>nobis</strong></span> <span class='ocrx_word' id='word_1_89' title='bbox 472 1726 531 1775; x_wconf 85' lang='lat' dir='ltr'><strong>nee</strong></span> <span class='ocrx_word' id='word_1_90' title='bbox 556 1714 589 1775; x_wconf 89' lang='lat' dir='ltr'><strong>at</strong></span> <span class='ocrx_word' id='word_1_91' title='bbox 614 1701 789 1776; x_wconf 76' lang='lat' dir='ltr'>heredibus</span> <span class='ocrx_word' id='word_1_92' title='bbox 814 1699 900 1772; x_wconf 90' lang='lat' dir='ltr'><strong>nulia</strong></span> <span class='ocrx_word' id='word_1_93' title='bbox 924 1709 972 1772; x_wconf 86' lang='lat' dir='ltr'><strong>est</strong></span> <span class='ocrx_word' id='word_1_94' title='bbox 995 1701 1159 1796; x_wconf 80' lang='lat' dir='ltr'><strong>pertinens</strong></span> <span class='ocrx_word' id='word_1_95' title='bbox 1183 1725 1241 1794; x_wconf 91' lang='lat' dir='ltr'><strong>per</strong></span> <span class='ocrx_word' id='word_1_96' title='bbox 1258 1701 1381 1773; x_wconf 87' lang='lat' dir='ltr'><strong>nuliam</strong></span> <span class='ocrx_word' id='word_1_97' title='bbox 1405 1703 1581 1776; x_wconf 84' lang='lat' dir='ltr'><strong>rationem.</strong></span> <span class='ocrx_word' id='word_1_98' title='bbox 1607 1704 1694 1773; x_wconf 90' lang='lat' dir='ltr'><strong>nnds</strong></span> <span class='ocrx_word' id='word_1_99' title='bbox 1816 1733 1818 1738; x_wconf 95' lang='lat'>·</span> 
     </span>
    </p>
   </div>
   <div class='ocr_carea' id='block_1_4' title="bbox 266 1827 1698 3702">
    <p class='ocr_par' dir='ltr' id='par_1_4' title="bbox 266 1827 1698 3702">
     <span class='ocr_line' id='line_1_10' title="bbox 271 1827 1696 1926; baseline 0.001 -28"><span class='ocrx_word' id='word_1_100' title='bbox 271 1831 378 1901; x_wconf 82' lang='lat' dir='ltr'><strong>taliter</strong></span> <span class='ocrx_word' id='word_1_101' title='bbox 402 1829 596 1905; x_wconf 90' lang='lat' dir='ltr'><strong>bolumtarie</strong></span> <span class='ocrx_word' id='word_1_102' title='bbox 621 1854 694 1904; x_wconf 87' lang='lat' dir='ltr'><strong>mee</strong></span> <span class='ocrx_word' id='word_1_103' title='bbox 718 1831 831 1926; x_wconf 79' lang='lat' dir='ltr'><strong>obligo</strong></span> <span class='ocrx_word' id='word_1_104' title='bbox 856 1853 919 1926; x_wconf 77' lang='lat' dir='ltr'><strong>ego</strong></span> <span class='ocrx_word' id='word_1_105' title='bbox 943 1831 1002 1926; x_wconf 89' lang='lat' dir='ltr'><strong>qui</strong></span> <span class='ocrx_word' id='word_1_106' title='bbox 1025 1851 1124 1923; x_wconf 88' lang='lat' dir='ltr'><strong>supra</strong></span> <span class='ocrx_word' id='word_1_107' title='bbox 1149 1829 1246 1900; x_wconf 89' lang='lat' dir='ltr'><strong>lando</strong></span> <span class='ocrx_word' id='word_1_108' title='bbox 1270 1853 1379 1902; x_wconf 87' lang='lat' dir='ltr'><strong>eomes</strong></span> <span class='ocrx_word' id='word_1_109' title='bbox 1404 1839 1437 1900; x_wconf 89' lang='lat' dir='ltr'><strong>et</strong></span> <span class='ocrx_word' id='word_1_110' title='bbox 1461 1829 1543 1902; x_wconf 91' lang='lat' dir='ltr'><strong>meis</strong></span> <span class='ocrx_word' id='word_1_111' title='bbox 1566 1827 1696 1902; x_wconf 63' lang='lat' dir='ltr'><strong>heredi«</strong></span> 
     </span>
     <span class='ocr_line' id='line_1_11' title="bbox 270 1955 1694 2054; baseline 0.003 -30"><span class='ocrx_word' id='word_1_112' title='bbox 270 1955 346 2026; x_wconf 85' lang='lat' dir='ltr'><strong>bus¹</strong></span> <span class='ocrx_word' id='word_1_113' title='bbox 374 1958 466 2030; x_wconf 83' lang='lat' dir='ltr'><strong>vobis</strong></span> <span class='ocrx_word' id='word_1_114' title='bbox 490 1959 548 2054; x_wconf 84' lang='lat' dir='ltr'><strong>qui</strong></span> <span class='ocrx_word' id='word_1_115' title='bbox 572 1962 669 2054; x_wconf 78' lang='lat' dir='ltr'><strong>supra</strong></span> <span class='ocrx_word' id='word_1_116' title='bbox 694 1959 761 2032; x_wconf 90' lang='lat' dir='ltr'><strong>ursi</strong></span> <span class='ocrx_word' id='word_1_117' title='bbox 784 1959 920 2031; x_wconf 86' lang='lat' dir='ltr'><strong>maraidi</strong></span> <span class='ocrx_word' id='word_1_118' title='bbox 937 1969 969 2033; x_wconf 91' lang='lat' dir='ltr'><strong>et</strong></span> <span class='ocrx_word' id='word_1_119' title='bbox 988 1959 1115 2029; x_wconf 88' lang='lat' dir='ltr'><strong>bisantii</strong></span> <span class='ocrx_word' id='word_1_120' title='bbox 1140 1957 1295 2028; x_wconf 87' lang='lat' dir='ltr'><strong>domnelli</strong></span> <span class='ocrx_word' id='word_1_121' title='bbox 1319 1967 1352 2030; x_wconf 91' lang='lat' dir='ltr'><strong>et</strong></span> <span class='ocrx_word' id='word_1_122' title='bbox 1376 1959 1454 2030; x_wconf 81' lang='lat' dir='ltr'><strong>iaiki</strong></span> <span class='ocrx_word' id='word_1_123' title='bbox 1481 1968 1514 2030; x_wconf 89' lang='lat' dir='ltr'><strong>et</strong></span> <span class='ocrx_word' id='word_1_124' title='bbox 1528 1966 1560 2028; x_wconf 91' lang='lat' dir='ltr'><strong>at</strong></span> <span class='ocrx_word' id='word_1_125' title='bbox 1578 1960 1694 2028; x_wconf 81' lang='lat' dir='ltr'><strong>nostris</strong></span> 
     </span>
     <span class='ocr_line' id='line_1_12' title="bbox 269 2067 1695 2180; baseline 0.004 -30"><span class='ocrx_word' id='word_1_126' title='bbox 269 2079 442 2156; x_wconf 82' lang='lat' dir='ltr'><strong>heredibus</strong></span> <span class='ocrx_word' id='word_1_127' title='bbox 467 2067 603 2180; x_wconf 57' lang='lat' dir='ltr'><strong>Integris</strong></span> <span class='ocrx_word' id='word_1_128' title='bbox 627 2085 818 2179; x_wconf 80' lang='lat' dir='ltr'><strong>perrenibus</strong></span> <span class='ocrx_word' id='word_1_129' title='bbox 852 2083 968 2155; x_wconf 78' lang='lat' dir='ltr'><strong>vestris</strong></span> <span class='ocrx_word' id='word_1_130' title='bbox 1000 2107 1058 2154; x_wconf 88' lang='lat' dir='ltr'><strong>seu</strong></span> <span class='ocrx_word' id='word_1_131' title='bbox 1083 2092 1116 2154; x_wconf 92' lang='lat' dir='ltr'><strong>et</strong></span> <span class='ocrx_word' id='word_1_132' title='bbox 1140 2083 1291 2154; x_wconf 89' lang='lat' dir='ltr'><strong>omnibus</strong></span> <span class='ocrx_word' id='word_1_133' title='bbox 1323 2083 1420 2156; x_wconf 88' lang='lat' dir='ltr'><strong>rebus</strong></span> <span class='ocrx_word' id='word_1_134' title='bbox 1453 2092 1485 2156; x_wconf 90' lang='lat' dir='ltr'><strong>et</strong></span> <span class='ocrx_word' id='word_1_135' title='bbox 1509 2083 1695 2155; x_wconf 80' lang='lat' dir='ltr'><strong>substantiis</strong></span> 
     </span>
     <span class='ocr_line' id='line_1_13' title="bbox 267 2211 1694 2316; baseline 0.001 -34"><span class='ocrx_word' id='word_1_136' title='bbox 267 2212 382 2316; x_wconf 72' lang='lat' dir='ltr'><strong>vestris</strong></span> <span class='ocrx_word' id='word_1_137' title='bbox 407 2213 579 2284; x_wconf 81' lang='lat' dir='ltr'><strong>defendere</strong></span> <span class='ocrx_word' id='word_1_138' title='bbox 603 2221 636 2283; x_wconf 88' lang='lat' dir='ltr'><strong>et</strong></span> <span class='ocrx_word' id='word_1_139' title='bbox 660 2221 816 2284; x_wconf 76' lang='lat' dir='ltr'><strong>antestare</strong></span> <span class='ocrx_word' id='word_1_140' title='bbox 841 2234 899 2306; x_wconf 92' lang='lat' dir='ltr'><strong>per</strong></span> <span class='ocrx_word' id='word_1_141' title='bbox 920 2236 938 2280; x_wconf 91' lang='lat' dir='ltr'><strong>a</strong></span> <span class='ocrx_word' id='word_1_142' title='bbox 956 2219 1045 2306; x_wconf 89' lang='lat' dir='ltr'><strong>parte</strong></span> <span class='ocrx_word' id='word_1_143' title='bbox 1063 2211 1160 2283; x_wconf 82' lang='lat' dir='ltr'><strong>uxori</strong></span> <span class='ocrx_word' id='word_1_144' title='bbox 1178 2221 1298 2282; x_wconf 88' lang='lat' dir='ltr'><strong>meoet</strong></span> <span class='ocrx_word' id='word_1_145' title='bbox 1323 2213 1363 2282; x_wconf 92' lang='lat' dir='ltr'><strong>ab</strong></span> <span class='ocrx_word' id='word_1_146' title='bbox 1377 2212 1447 2282; x_wconf 88' lang='lat' dir='ltr'><strong>aliis</strong></span> <span class='ocrx_word' id='word_1_147' title='bbox 1463 2213 1615 2284; x_wconf 85' lang='lat' dir='ltr'><strong>omnibus</strong></span> <span class='ocrx_word' id='word_1_148' title='bbox 1632 2211 1694 2283; x_wconf 87' lang='lat' dir='ltr'><strong>iliis</strong></span> 
     </span>
     <span class='ocr_line' id='line_1_14' title="bbox 266 2333 1694 2428; baseline -0.001 -22"><span class='ocrx_word' id='word_1_149' title='bbox 266 2334 451 2406; x_wconf 86' lang='lat' dir='ltr'><strong>bominibus</strong></span> <span class='ocrx_word' id='word_1_150' title='bbox 475 2345 508 2406; x_wconf 89' lang='lat' dir='ltr'><strong>et</strong></span> <span class='ocrx_word' id='word_1_151' title='bbox 533 2334 677 2426; x_wconf 86' lang='lat' dir='ltr'><strong>partibus</strong></span> <span class='ocrx_word' id='word_1_152' title='bbox 701 2335 755 2403; x_wconf 87' lang='lat' dir='ltr'><strong>eui</strong></span> <span class='ocrx_word' id='word_1_153' title='bbox 779 2334 831 2403; x_wconf 85' lang='lat' dir='ltr'><strong>rei</strong></span> <span class='ocrx_word' id='word_1_154' title='bbox 858 2333 912 2402; x_wconf 92' lang='lat' dir='ltr'><strong>ubi</strong></span> <span class='ocrx_word' id='word_1_155' title='bbox 937 2356 996 2424; x_wconf 90' lang='lat' dir='ltr'><strong>per</strong></span> <span class='ocrx_word' id='word_1_156' title='bbox 1022 2357 1075 2403; x_wconf 89' lang='lat' dir='ltr'><strong>me</strong></span> <span class='ocrx_word' id='word_1_157' title='bbox 1099 2335 1152 2405; x_wconf 85' lang='lat' dir='ltr'><strong>rel</strong></span> <span class='ocrx_word' id='word_1_158' title='bbox 1182 2356 1240 2427; x_wconf 92' lang='lat' dir='ltr'><strong>per</strong></span> <span class='ocrx_word' id='word_1_159' title='bbox 1267 2357 1358 2406; x_wconf 88' lang='lat' dir='ltr'><strong>meos</strong></span> <span class='ocrx_word' id='word_1_160' title='bbox 1381 2333 1515 2406; x_wconf 88' lang='lat' dir='ltr'><strong>heredes</strong></span> <span class='ocrx_word' id='word_1_161' title='bbox 1539 2336 1694 2428; x_wconf 89' lang='lat' dir='ltr'><strong>personi-</strong></span> 
     </span>
     <span class='ocr_line' id='line_1_15' title="bbox 269 2457 1695 2550; baseline 0.003 -20"><span class='ocrx_word' id='word_1_162' title='bbox 269 2462 330 2530; x_wconf 89' lang='lat' dir='ltr'><strong>bus</strong></span> <span class='ocrx_word' id='word_1_163' title='bbox 353 2458 469 2530; x_wconf 82' lang='lat' dir='ltr'><strong>vestris</strong></span> <span class='ocrx_word' id='word_1_164' title='bbox 493 2469 526 2528; x_wconf 88' lang='lat' dir='ltr'><strong>et</strong></span> <span class='ocrx_word' id='word_1_165' title='bbox 548 2458 645 2528; x_wconf 87' lang='lat' dir='ltr'><strong>rebus</strong></span> <span class='ocrx_word' id='word_1_166' title='bbox 670 2468 702 2527; x_wconf 86' lang='lat' dir='ltr'><strong>et</strong></span> <span class='ocrx_word' id='word_1_167' title='bbox 714 2457 901 2528; x_wconf 72' lang='lat' dir='ltr'><strong>substantiis</strong></span> <span class='ocrx_word' id='word_1_168' title='bbox 916 2461 1031 2528; x_wconf 90' lang='lat' dir='ltr'><strong>vestris</strong></span> <span class='ocrx_word' id='word_1_169' title='bbox 1046 2459 1080 2528; x_wconf 91' lang='lat' dir='ltr'><strong>in</strong></span> <span class='ocrx_word' id='word_1_170' title='bbox 1097 2459 1167 2528; x_wconf 84' lang='lat' dir='ltr'><strong>abiis</strong></span> <span class='ocrx_word' id='word_1_171' title='bbox 1183 2461 1327 2550; x_wconf 88' lang='lat' dir='ltr'><strong>partibus</strong></span> <span class='ocrx_word' id='word_1_172' title='bbox 1350 2463 1498 2536; x_wconf 84' lang='lat' dir='ltr'><strong>beroeiter</strong></span> <span class='ocrx_word' id='word_1_173' title='bbox 1513 2463 1626 2534; x_wconf 89' lang='lat' dir='ltr'><strong>datum</strong></span> <span class='ocrx_word' id='word_1_174' title='bbox 1640 2471 1695 2536; x_wconf 92' lang='lat' dir='ltr'><strong>aut</strong></span> 
     </span>
     <span class='ocr_line' id='line_1_16' title="bbox 269 2579 1694 2678; baseline 0.004 -22"><span class='ocrx_word' id='word_1_175' title='bbox 269 2585 444 2658; x_wconf 88' lang='lat' dir='ltr'><strong>alienatum</strong></span> <span class='ocrx_word' id='word_1_176' title='bbox 469 2583 628 2678; x_wconf 85' lang='lat' dir='ltr'><strong>paruerit.</strong></span> <span class='ocrx_word' id='word_1_177' title='bbox 660 2581 713 2656; x_wconf 78' lang='lat' dir='ltr'><strong>Ab</strong></span> <span class='ocrx_word' id='word_1_178' title='bbox 737 2579 809 2653; x_wconf 89' lang='lat' dir='ltr'><strong>aliis</strong></span> <span class='ocrx_word' id='word_1_179' title='bbox 833 2580 913 2652; x_wconf 88' lang='lat' dir='ltr'><strong>bero</strong></span> <span class='ocrx_word' id='word_1_180' title='bbox 938 2580 1091 2652; x_wconf 89' lang='lat' dir='ltr'><strong>omnibus</strong></span> <span class='ocrx_word' id='word_1_181' title='bbox 1108 2580 1296 2652; x_wconf 89' lang='lat' dir='ltr'><strong>bominibus</strong></span> <span class='ocrx_word' id='word_1_182' title='bbox 1311 2595 1344 2654; x_wconf 92' lang='lat' dir='ltr'><strong>et</strong></span> <span class='ocrx_word' id='word_1_183' title='bbox 1359 2587 1504 2678; x_wconf 89' lang='lat' dir='ltr'><strong>partibus</strong></span> <span class='ocrx_word' id='word_1_184' title='bbox 1525 2611 1583 2658; x_wconf 85' lang='lat' dir='ltr'><strong>vos</strong></span> <span class='ocrx_word' id='word_1_185' title='bbox 1601 2591 1694 2661; x_wconf 82' lang='lat' dir='ltr'><strong>vobis</strong></span> 
     </span>
     <span class='ocr_line' id='line_1_17' title="bbox 270 2703 1694 2806; baseline 0.003 -22"><span class='ocrx_word' id='word_1_186' title='bbox 270 2711 445 2784; x_wconf 80' lang='lat' dir='ltr'><strong>defendatis</strong></span> <span class='ocrx_word' id='word_1_187' title='bbox 478 2708 669 2806; x_wconf 84' lang='lat' dir='ltr'><strong>perrenibus</strong></span> <span class='ocrx_word' id='word_1_188' title='bbox 699 2707 815 2782; x_wconf 82' lang='lat' dir='ltr'><strong>vestris</strong></span> <span class='ocrx_word' id='word_1_189' title='bbox 839 2731 897 2782; x_wconf 91' lang='lat' dir='ltr'><strong>seu</strong></span> <span class='ocrx_word' id='word_1_190' title='bbox 920 2707 1016 2779; x_wconf 90' lang='lat' dir='ltr'><strong>rebus</strong></span> <span class='ocrx_word' id='word_1_191' title='bbox 1044 2717 1076 2776; x_wconf 93' lang='lat' dir='ltr'><strong>et</strong></span> <span class='ocrx_word' id='word_1_192' title='bbox 1101 2703 1284 2778; x_wconf 83' lang='lat' dir='ltr'><strong>substantiis</strong></span> <span class='ocrx_word' id='word_1_193' title='bbox 1309 2707 1424 2780; x_wconf 88' lang='lat' dir='ltr'><strong>restris</strong></span> <span class='ocrx_word' id='word_1_194' title='bbox 1448 2715 1617 2806; x_wconf 85' lang='lat' dir='ltr'><strong>quomodo</strong></span> <span class='ocrx_word' id='word_1_195' title='bbox 1642 2717 1694 2787; x_wconf 85' lang='lat' dir='ltr'><strong>rel</strong></span> 
     </span>
     <span class='ocr_line' id='line_1_18' title="bbox 270 2835 1692 2932; baseline 0.006 -26"><span class='ocrx_word' id='word_1_196' title='bbox 270 2837 412 2932; x_wconf 82' lang='lat' dir='ltr'><strong>qualiter</strong></span> <span class='ocrx_word' id='word_1_197' title='bbox 443 2836 562 2909; x_wconf 89' lang='lat' dir='ltr'><strong>melius</strong></span> <span class='ocrx_word' id='word_1_198' title='bbox 593 2837 763 2931; x_wconf 87' lang='lat' dir='ltr'><strong>potueritis</strong></span> <span class='ocrx_word' id='word_1_199' title='bbox 795 2845 828 2908; x_wconf 89' lang='lat' dir='ltr'><strong>et</strong></span> <span class='ocrx_word' id='word_1_200' title='bbox 862 2835 1030 2907; x_wconf 89' lang='lat' dir='ltr'><strong>boiueritis</strong></span> <span class='ocrx_word' id='word_1_201' title='bbox 1054 2844 1191 2930; x_wconf 86' lang='lat' dir='ltr'><strong>excepto</strong></span> <span class='ocrx_word' id='word_1_202' title='bbox 1215 2836 1305 2931; x_wconf 89' lang='lat' dir='ltr'><strong>quod</strong></span> <span class='ocrx_word' id='word_1_203' title='bbox 1329 2859 1393 2908; x_wconf 91' lang='lat' dir='ltr'><strong>non</strong></span> <span class='ocrx_word' id='word_1_204' title='bbox 1419 2861 1472 2910; x_wconf 89' lang='lat' dir='ltr'><strong>me</strong></span> <span class='ocrx_word' id='word_1_205' title='bbox 1496 2840 1590 2910; x_wconf 84' lang='lat' dir='ltr'><strong>vobis</strong></span> <span class='ocrx_word' id='word_1_206' title='bbox 1615 2864 1692 2914; x_wconf 82' lang='lat' dir='ltr'><strong>ma-</strong></span> 
     </span>
     <span class='ocr_line' id='line_1_19' title="bbox 268 2965 1694 3072; baseline 0.001 -36"><span class='ocrx_word' id='word_1_207' title='bbox 268 2966 416 3038; x_wconf 82' lang='lat' dir='ltr'><strong>nifestabi</strong></span> <span class='ocrx_word' id='word_1_208' title='bbox 424 3013 766 3040; x_wconf 90' lang='grc'><strong>...............</strong></span> <span class='ocrx_word' id='word_1_209' title='bbox 774 2989 839 3061; x_wconf 86' lang='lat' dir='ltr'><strong>que</strong></span> <span class='ocrx_word' id='word_1_210' title='bbox 863 2988 933 3038; x_wconf 89' lang='lat' dir='ltr'><strong>esse</strong></span> <span class='ocrx_word' id='word_1_211' title='bbox 957 2965 1087 3038; x_wconf 89' lang='lat' dir='ltr'><strong>bidetur</strong></span> <span class='ocrx_word' id='word_1_212' title='bbox 1112 2969 1146 3037; x_wconf 93' lang='lat' dir='ltr'><strong>in</strong></span> <span class='ocrx_word' id='word_1_213' title='bbox 1172 2965 1249 3061; x_wconf 87' lang='lat' dir='ltr'><strong>ipsis</strong></span> <span class='ocrx_word' id='word_1_214' title='bbox 1275 2965 1393 3072; x_wconf 79' lang='lat' dir='ltr'><strong>finibus</strong></span> <span class='ocrx_word' id='word_1_215' title='bbox 1418 2979 1528 3040; x_wconf 89' lang='lat' dir='ltr'><strong>monte</strong></span> <span class='ocrx_word' id='word_1_216' title='bbox 1553 2971 1694 3044; x_wconf 85' lang='lat' dir='ltr'><strong>marsico</strong></span> 
     </span>
     <span class='ocr_line' id='line_1_20' title="bbox 270 3094 1694 3193; baseline 0.003 -29"><span class='ocrx_word' id='word_1_217' title='bbox 270 3115 370 3188; x_wconf 89' lang='lat' dir='ltr'><strong>prope</strong></span> <span class='ocrx_word' id='word_1_218' title='bbox 405 3095 555 3166; x_wconf 86' lang='lat' dir='ltr'><strong>iamdicta</strong></span> <span class='ocrx_word' id='word_1_219' title='bbox 585 3095 719 3167; x_wconf 78' lang='lat' dir='ltr'><strong>eeclesia</strong></span> <span class='ocrx_word' id='word_1_220' title='bbox 744 3095 843 3168; x_wconf 85' lang='lat' dir='ltr'><strong>saneti</strong></span> <span class='ocrx_word' id='word_1_221' title='bbox 868 3096 1010 3193; x_wconf 76' lang='lat' dir='ltr'><strong>georgii.</strong></span> <span class='ocrx_word' id='word_1_222' title='bbox 1043 3105 1075 3167; x_wconf 90' lang='lat' dir='ltr'><strong>et</strong></span> <span class='ocrx_word' id='word_1_223' title='bbox 1099 3119 1199 3190; x_wconf 90' lang='lat' dir='ltr'><strong>prope</strong></span> <span class='ocrx_word' id='word_1_224' title='bbox 1231 3094 1400 3168; x_wconf 84' lang='lat' dir='ltr'><strong>ecclesiam</strong></span> <span class='ocrx_word' id='word_1_225' title='bbox 1431 3095 1532 3166; x_wconf 89' lang='lat' dir='ltr'><strong>saneti</strong></span> <span class='ocrx_word' id='word_1_226' title='bbox 1557 3097 1694 3170; x_wconf 80' lang='lat' dir='ltr'><strong>maximi</strong></span> 
     </span>
     <span class='ocr_line' id='line_1_21' title="bbox 269 3224 1694 3320; baseline 0.004 -26"><span class='ocrx_word' id='word_1_227' title='bbox 269 3247 350 3320; x_wconf 88' lang='lat' dir='ltr'><strong>quas</strong></span> <span class='ocrx_word' id='word_1_228' title='bbox 374 3225 409 3295; x_wconf 93' lang='lat' dir='ltr'><strong>in</strong></span> <span class='ocrx_word' id='word_1_229' title='bbox 433 3245 505 3295; x_wconf 89' lang='lat' dir='ltr'><strong>mea</strong></span> <span class='ocrx_word' id='word_1_230' title='bbox 529 3235 561 3298; x_wconf 87' lang='lat' dir='ltr'><strong>et</strong></span> <span class='ocrx_word' id='word_1_231' title='bbox 593 3225 634 3296; x_wconf 90' lang='lat' dir='ltr'><strong>de</strong></span> <span class='ocrx_word' id='word_1_232' title='bbox 666 3226 747 3297; x_wconf 86' lang='lat' dir='ltr'><strong>meis</strong></span> <span class='ocrx_word' id='word_1_233' title='bbox 777 3225 948 3301; x_wconf 86' lang='lat' dir='ltr'><strong>heredibus</strong></span> <span class='ocrx_word' id='word_1_234' title='bbox 981 3225 1144 3299; x_wconf 88' lang='lat' dir='ltr'><strong>reserbabi</strong></span> <span class='ocrx_word' id='word_1_235' title='bbox 1179 3231 1333 3320; x_wconf 83' lang='lat' dir='ltr'><strong>potestate</strong></span> <span class='ocrx_word' id='word_1_236' title='bbox 1367 3224 1551 3298; x_wconf 79' lang='lat' dir='ltr'><strong>faciendum</strong></span> <span class='ocrx_word' id='word_1_237' title='bbox 1576 3227 1694 3298; x_wconf 85' lang='lat' dir='ltr'><strong>exinde</strong></span> 
     </span>
     <span class='ocr_line' id='line_1_22' title="bbox 270 3347 1697 3448; baseline 0.001 -30"><span class='ocrx_word' id='word_1_238' title='bbox 270 3350 379 3420; x_wconf 87' lang='lat' dir='ltr'><strong>omnia</strong></span> <span class='ocrx_word' id='word_1_239' title='bbox 404 3371 470 3447; x_wconf 89' lang='lat' dir='ltr'><strong>que</strong></span> <span class='ocrx_word' id='word_1_240' title='bbox 494 3350 589 3422; x_wconf 90' lang='lat' dir='ltr'><strong>nobis</strong></span> <span class='ocrx_word' id='word_1_241' title='bbox 612 3353 788 3446; x_wconf 83' lang='lat' dir='ltr'><strong>placuerit.</strong></span> <span class='ocrx_word' id='word_1_242' title='bbox 809 3351 917 3422; x_wconf 85' lang='lat' dir='ltr'><strong>Prima</strong></span> <span class='ocrx_word' id='word_1_243' title='bbox 942 3376 983 3422; x_wconf 88' lang='lat' dir='ltr'><strong>err</strong></span> <span class='ocrx_word' id='word_1_244' title='bbox 1010 3351 1080 3448; x_wconf 87' lang='lat' dir='ltr'><strong>ipse</strong></span> <span class='ocrx_word' id='word_1_245' title='bbox 1094 3351 1179 3444; x_wconf 91' lang='lat' dir='ltr'><strong>petie</strong></span> <span class='ocrx_word' id='word_1_246' title='bbox 1195 3351 1234 3422; x_wconf 88' lang='lat' dir='ltr'><strong>de</strong></span> <span class='ocrx_word' id='word_1_247' title='bbox 1252 3349 1346 3420; x_wconf 87' lang='lat' dir='ltr'><strong>terris</strong></span> <span class='ocrx_word' id='word_1_248' title='bbox 1362 3371 1430 3420; x_wconf 87' lang='lat' dir='ltr'><strong>esse</strong></span> <span class='ocrx_word' id='word_1_249' title='bbox 1446 3347 1577 3420; x_wconf 88' lang='lat' dir='ltr'><strong>bidetur</strong></span> <span class='ocrx_word' id='word_1_250' title='bbox 1594 3372 1697 3445; x_wconf 85' lang='lat' dir='ltr'><strong>prope</strong></span> 
     </span>
     <span class='ocr_line' id='line_1_23' title="bbox 271 3475 1697 3575; baseline 0.001 -31"><span class='ocrx_word' id='word_1_251' title='bbox 271 3487 344 3546; x_wconf 83' lang='lat' dir='ltr'><strong>torn</strong></span> <span class='ocrx_word' id='word_1_252' title='bbox 369 3477 409 3547; x_wconf 88' lang='lat' dir='ltr'><strong>de</strong></span> <span class='ocrx_word' id='word_1_253' title='bbox 433 3477 593 3548; x_wconf 84' lang='lat' dir='ltr'><strong>manoaidi</strong></span> <span class='ocrx_word' id='word_1_254' title='bbox 617 3479 658 3548; x_wconf 90' lang='lat' dir='ltr'><strong>de</strong></span> <span class='ocrx_word' id='word_1_255' title='bbox 682 3479 741 3548; x_wconf 88' lang='lat' dir='ltr'><strong>ista</strong></span> <span class='ocrx_word' id='word_1_256' title='bbox 765 3487 855 3574; x_wconf 89' lang='lat' dir='ltr'><strong>parte</strong></span> <span class='ocrx_word' id='word_1_257' title='bbox 879 3500 993 3551; x_wconf 87' lang='lat' dir='ltr'><strong>saone.</strong></span> <span class='ocrx_word' id='word_1_258' title='bbox 1025 3501 1091 3575; x_wconf 86' lang='lat' dir='ltr'><strong>que</strong></span> <span class='ocrx_word' id='word_1_259' title='bbox 1115 3475 1213 3549; x_wconf 88' lang='lat' dir='ltr'><strong>habet</strong></span> <span class='ocrx_word' id='word_1_260' title='bbox 1238 3475 1325 3548; x_wconf 85' lang='lat' dir='ltr'><strong>finis.</strong></span> <span class='ocrx_word' id='word_1_261' title='bbox 1359 3475 1398 3545; x_wconf 91' lang='lat' dir='ltr'><strong>ab</strong></span> <span class='ocrx_word' id='word_1_262' title='bbox 1423 3497 1490 3547; x_wconf 92' lang='lat' dir='ltr'><strong>uno</strong></span> <span class='ocrx_word' id='word_1_263' title='bbox 1517 3476 1614 3546; x_wconf 79' lang='lat' dir='ltr'><strong>latere</strong></span> <span class='ocrx_word' id='word_1_264' title='bbox 1641 3477 1697 3546; x_wconf 81' lang='lat' dir='ltr'><strong>via</strong></span> 
     </span>
     <span class='ocr_line' id='line_1_24' title="bbox 271 3602 1698 3702; baseline -0.003 -24"><span class='ocrx_word' id='word_1_265' title='bbox 271 3602 398 3694; x_wconf 86' lang='lat' dir='ltr'><strong>publica</strong></span> <span class='ocrx_word' id='word_1_266' title='bbox 430 3627 496 3702; x_wconf 89' lang='lat' dir='ltr'><strong>que</strong></span> <span class='ocrx_word' id='word_1_267' title='bbox 526 3607 632 3700; x_wconf 75' lang='lat' dir='ltr'><strong>pergit</strong></span> <span class='ocrx_word' id='word_1_268' title='bbox 657 3607 740 3676; x_wconf 86' lang='lat' dir='ltr'><strong>iusta</strong></span> <span class='ocrx_word' id='word_1_269' title='bbox 765 3607 871 3698; x_wconf 87' lang='lat' dir='ltr'><strong>ipsum</strong></span> <span class='ocrx_word' id='word_1_270' title='bbox 896 3625 995 3678; x_wconf 86' lang='lat' dir='ltr'><strong>saone</strong></span> <span class='ocrx_word' id='word_1_271' title='bbox 1018 3605 1115 3678; x_wconf 87' lang='lat' dir='ltr'><strong>babet</strong></span> <span class='ocrx_word' id='word_1_272' title='bbox 1141 3606 1259 3676; x_wconf 87' lang='lat' dir='ltr'><strong>exinde</strong></span> <span class='ocrx_word' id='word_1_273' title='bbox 1283 3604 1317 3674; x_wconf 89' lang='lat' dir='ltr'><strong>in</strong></span> <span class='ocrx_word' id='word_1_274' title='bbox 1342 3603 1478 3696; x_wconf 83' lang='lat' dir='ltr'><strong>longum</strong></span> <span class='ocrx_word' id='word_1_275' title='bbox 1503 3623 1614 3696; x_wconf 86' lang='lat' dir='ltr'><strong>passus</strong></span> <span class='ocrx_word' id='word_1_276' title='bbox 1639 3626 1698 3674; x_wconf 87' lang='lat' dir='ltr'><strong>se·</strong></span> 
     </span>
    </p>
   </div>
   <div class='ocr_carea' id='block_1_5' title="bbox 270 3729 1697 4314">
    <p class='ocr_par' dir='ltr' id='par_1_5' title="bbox 270 3729 1697 4314">
     <span class='ocr_line' id='line_1_25' title="bbox 270 3729 1697 3830; baseline -0.001 -28"><span class='ocrx_word' id='word_1_277' title='bbox 270 3734 401 3825; x_wconf 76' lang='lat' dir='ltr'><strong>raginta</strong></span> <span class='ocrx_word' id='word_1_278' title='bbox 432 3735 595 3830; x_wconf 77' lang='lat' dir='ltr'><strong>quinque.</strong></span> <span class='ocrx_word' id='word_1_279' title='bbox 627 3733 692 3804; x_wconf 91' lang='lat' dir='ltr'><strong>aliu</strong></span> <span class='ocrx_word' id='word_1_280' title='bbox 720 3735 819 3804; x_wconf 88' lang='lat' dir='ltr'><strong>latere</strong></span> <span class='ocrx_word' id='word_1_281' title='bbox 845 3742 930 3806; x_wconf 87' lang='lat' dir='ltr'><strong>tenet</strong></span> <span class='ocrx_word' id='word_1_282' title='bbox 954 3734 989 3802; x_wconf 93' lang='lat' dir='ltr'><strong>in</strong></span> <span class='ocrx_word' id='word_1_283' title='bbox 1015 3743 1098 3804; x_wconf 90' lang='lat' dir='ltr'><strong>terra</strong></span> <span class='ocrx_word' id='word_1_284' title='bbox 1124 3756 1196 3803; x_wconf 88' lang='lat' dir='ltr'><strong>mea</strong></span> <span class='ocrx_word' id='word_1_285' title='bbox 1221 3732 1279 3826; x_wconf 91' lang='lat' dir='ltr'><strong>qui</strong></span> <span class='ocrx_word' id='word_1_286' title='bbox 1303 3751 1401 3822; x_wconf 89' lang='lat' dir='ltr'><strong>supra</strong></span> <span class='ocrx_word' id='word_1_287' title='bbox 1425 3729 1566 3800; x_wconf 89' lang='lat' dir='ltr'><strong>landoni·</strong></span> <span class='ocrx_word' id='word_1_288' title='bbox 1583 3731 1697 3801; x_wconf 85' lang='lat' dir='ltr'><strong>comiti</strong></span> 
     </span>
     <span class='ocr_line' id='line_1_26' title="bbox 271 3851 1688 3950; baseline -0.002 -26"><span class='ocrx_word' id='word_1_289' title='bbox 271 3867 303 3924; x_wconf 84' lang='lat' dir='ltr'><strong>et</strong></span> <span class='ocrx_word' id='word_1_290' title='bbox 327 3857 360 3925; x_wconf 93' lang='lat' dir='ltr'><strong>in</strong></span> <span class='ocrx_word' id='word_1_291' title='bbox 384 3866 468 3925; x_wconf 89' lang='lat' dir='ltr'><strong>terra</strong></span> <span class='ocrx_word' id='word_1_292' title='bbox 496 3855 536 3925; x_wconf 92' lang='lat' dir='ltr'><strong>de</strong></span> <span class='ocrx_word' id='word_1_293' title='bbox 566 3857 675 3950; x_wconf 89' lang='lat' dir='ltr'><strong>nepoti</strong></span> <span class='ocrx_word' id='word_1_294' title='bbox 700 3857 866 3950; x_wconf 86' lang='lat' dir='ltr'><strong>qnondam</strong></span> <span class='ocrx_word' id='word_1_295' title='bbox 890 3855 1038 3928; x_wconf 89' lang='lat' dir='ltr'><strong>arneiber</strong></span> <span class='ocrx_word' id='word_1_296' title='bbox 1062 3866 1094 3926; x_wconf 88' lang='lat' dir='ltr'><strong>et</strong></span> <span class='ocrx_word' id='word_1_297' title='bbox 1118 3854 1152 3923; x_wconf 94' lang='lat' dir='ltr'><strong>in</strong></span> <span class='ocrx_word' id='word_1_298' title='bbox 1182 3851 1362 3945; x_wconf 82' lang='lat' dir='ltr'><strong>subscripta</strong></span> <span class='ocrx_word' id='word_1_299' title='bbox 1391 3851 1476 3945; x_wconf 88' lang='lat' dir='ltr'><strong>petia</strong></span> <span class='ocrx_word' id='word_1_300' title='bbox 1509 3851 1550 3922; x_wconf 92' lang='lat' dir='ltr'><strong>de</strong></span> <span class='ocrx_word' id='word_1_301' title='bbox 1586 3863 1688 3922; x_wconf 89' lang='lat' dir='ltr'><strong>terra.</strong></span> 
     </span>
     <span class='ocr_line' id='line_1_27' title="bbox 272 3977 1697 4079; baseline -0.002 -25"><span class='ocrx_word' id='word_1_302' title='bbox 272 3995 303 4054; x_wconf 88' lang='lat' dir='ltr'><strong>et</strong></span> <span class='ocrx_word' id='word_1_303' title='bbox 338 3984 411 4056; x_wconf 90' lang='lat' dir='ltr'><strong>inde</strong></span> <span class='ocrx_word' id='word_1_304' title='bbox 447 3983 543 4056; x_wconf 83' lang='lat' dir='ltr'><strong>babet</strong></span> <span class='ocrx_word' id='word_1_305' title='bbox 573 4007 684 4079; x_wconf 84' lang='lat' dir='ltr'><strong>passus</strong></span> <span class='ocrx_word' id='word_1_306' title='bbox 708 3985 944 4078; x_wconf 79' lang='lat' dir='ltr'><strong>quinquaginta</strong></span> <span class='ocrx_word' id='word_1_307' title='bbox 967 3983 1130 4078; x_wconf 82' lang='lat' dir='ltr'><strong>quinque.</strong></span> <span class='ocrx_word' id='word_1_308' title='bbox 1162 4003 1230 4050; x_wconf 89' lang='lat' dir='ltr'><strong>unu</strong></span> <span class='ocrx_word' id='word_1_309' title='bbox 1256 3982 1360 4068; x_wconf 88' lang='lat' dir='ltr'><strong>eapite</strong></span> <span class='ocrx_word' id='word_1_310' title='bbox 1386 3989 1470 4050; x_wconf 90' lang='lat' dir='ltr'><strong>tenet</strong></span> <span class='ocrx_word' id='word_1_311' title='bbox 1496 3979 1531 4048; x_wconf 94' lang='lat' dir='ltr'><strong>in</strong></span> <span class='ocrx_word' id='word_1_312' title='bbox 1554 3977 1617 4048; x_wconf 89' lang='lat' dir='ltr'><strong>alia</strong></span> <span class='ocrx_word' id='word_1_313' title='bbox 1643 3981 1697 4052; x_wconf 84' lang='lat' dir='ltr'><strong>via</strong></span> 
     </span>
     <span class='ocr_line' id='line_1_28' title="bbox 273 4097 1697 4204; baseline -0.006 -25"><span class='ocrx_word' id='word_1_314' title='bbox 273 4109 402 4204; x_wconf 82' lang='lat' dir='ltr'><strong>publiea</strong></span> <span class='ocrx_word' id='word_1_315' title='bbox 427 4107 523 4179; x_wconf 89' lang='lat' dir='ltr'><strong>habet</strong></span> <span class='ocrx_word' id='word_1_316' title='bbox 546 4107 663 4178; x_wconf 79' lang='lat' dir='ltr'><strong>exinde</strong></span> <span class='ocrx_word' id='word_1_317' title='bbox 688 4128 746 4200; x_wconf 92' lang='lat' dir='ltr'><strong>per</strong></span> <span class='ocrx_word' id='word_1_318' title='bbox 771 4106 951 4175; x_wconf 88' lang='lat' dir='ltr'><strong>trabersum</strong></span> <span class='ocrx_word' id='word_1_319' title='bbox 978 4124 1090 4196; x_wconf 87' lang='lat' dir='ltr'><strong>passus</strong></span> <span class='ocrx_word' id='word_1_320' title='bbox 1106 4104 1218 4173; x_wconf 84' lang='lat' dir='ltr'><strong>decem</strong></span> <span class='ocrx_word' id='word_1_321' title='bbox 1236 4107 1268 4171; x_wconf 90' lang='lat' dir='ltr'><strong>et</strong></span> <span class='ocrx_word' id='word_1_322' title='bbox 1284 4108 1374 4170; x_wconf 84' lang='lat' dir='ltr'><strong>octo.</strong></span> <span class='ocrx_word' id='word_1_323' title='bbox 1398 4100 1463 4169; x_wconf 85' lang='lat' dir='ltr'><strong>aliu</strong></span> <span class='ocrx_word' id='word_1_324' title='bbox 1485 4097 1592 4191; x_wconf 83' lang='lat' dir='ltr'><strong>capite</strong></span> <span class='ocrx_word' id='word_1_325' title='bbox 1610 4109 1697 4172; x_wconf 89' lang='lat' dir='ltr'><strong>tenet</strong></span> 
     </span>
     <span class='ocr_line' id='line_1_29' title="bbox 274 4221 1697 4314; baseline -0.009 -9"><span class='ocrx_word' id='word_1_326' title='bbox 274 4239 416 4305; x_wconf 90' lang='lat' dir='ltr'><strong>interra</strong></span> <span class='ocrx_word' id='word_1_327' title='bbox 451 4229 636 4302; x_wconf 87' lang='lat' dir='ltr'><strong>monasterii</strong></span> <span class='ocrx_word' id='word_1_328' title='bbox 668 4237 774 4296; x_wconf 84' lang='lat' dir='ltr'><strong>sancte</strong></span> <span class='ocrx_word' id='word_1_329' title='bbox 809 4225 911 4295; x_wconf 84' lang='lat' dir='ltr'><strong>marie</strong></span> <span class='ocrx_word' id='word_1_330' title='bbox 944 4233 976 4294; x_wconf 87' lang='lat' dir='ltr'><strong>et</strong></span> <span class='ocrx_word' id='word_1_331' title='bbox 1008 4224 1042 4294; x_wconf 93' lang='lat' dir='ltr'><strong>iu</strong></span> <span class='ocrx_word' id='word_1_332' title='bbox 1072 4222 1249 4314; x_wconf 75' lang='lat' dir='ltr'><strong>subscripta</strong></span> <span class='ocrx_word' id='word_1_333' title='bbox 1274 4221 1361 4312; x_wconf 88' lang='lat' dir='ltr'><strong>petia</strong></span> <span class='ocrx_word' id='word_1_334' title='bbox 1386 4221 1427 4290; x_wconf 92' lang='lat' dir='ltr'><strong>de</strong></span> <span class='ocrx_word' id='word_1_335' title='bbox 1454 4230 1539 4292; x_wconf 87' lang='lat' dir='ltr'><strong>terra</strong></span> <span class='ocrx_word' id='word_1_336' title='bbox 1563 4231 1598 4291; x_wconf 91' lang='lat' dir='ltr'><strong>et</strong></span> <span class='ocrx_word' id='word_1_337' title='bbox 1621 4221 1697 4292; x_wconf 91' lang='lat' dir='ltr'><strong>inde</strong></span> 
     </span>
    </p>
   </div>
   <div class='ocr_carea' id='block_1_6' title="bbox 273 4351 1698 4584">
    <p class='ocr_par' dir='ltr' id='par_1_6' title="bbox 273 4351 1698 4584">
     <span class='ocr_line' id='line_1_30' title="bbox 273 4351 1697 4454; baseline -0.006 -23"><span class='ocrx_word' id='word_1_338' title='bbox 273 4363 370 4444; x_wconf 88' lang='lat' dir='ltr'><strong>babet</strong></span> <span class='ocrx_word' id='word_1_339' title='bbox 394 4381 504 4454; x_wconf 89' lang='lat' dir='ltr'><strong>passus</strong></span> <span class='ocrx_word' id='word_1_340' title='bbox 529 4360 640 4430; x_wconf 86' lang='lat' dir='ltr'><strong>decem</strong></span> <span class='ocrx_word' id='word_1_341' title='bbox 664 4366 696 4424; x_wconf 86' lang='lat' dir='ltr'><strong>et</strong></span> <span class='ocrx_word' id='word_1_342' title='bbox 720 4353 853 4424; x_wconf 83' lang='lat' dir='ltr'><strong>nobem.</strong></span> <span class='ocrx_word' id='word_1_343' title='bbox 887 4353 1032 4424; x_wconf 85' lang='lat' dir='ltr'><strong>Secunda</strong></span> <span class='ocrx_word' id='word_1_344' title='bbox 1058 4353 1143 4444; x_wconf 86' lang='lat' dir='ltr'><strong>petia</strong></span> <span class='ocrx_word' id='word_1_345' title='bbox 1170 4351 1280 4446; x_wconf 88' lang='lat' dir='ltr'><strong>ibique</strong></span> <span class='ocrx_word' id='word_1_346' title='bbox 1306 4351 1478 4421; x_wconf 89' lang='lat' dir='ltr'><strong>coniuncta</strong></span> <span class='ocrx_word' id='word_1_347' title='bbox 1502 4372 1572 4422; x_wconf 93' lang='lat' dir='ltr'><strong>unu</strong></span> <span class='ocrx_word' id='word_1_348' title='bbox 1599 4351 1697 4422; x_wconf 86' lang='lat' dir='ltr'><strong>latere</strong></span> 
     </span>
     <span class='ocr_line' id='line_1_31' title="bbox 274 4479 1698 4584; baseline -0.004 -27"><span class='ocrx_word' id='word_1_349' title='bbox 274 4499 360 4559; x_wconf 87' lang='lat' dir='ltr'><strong>tenet</strong></span> <span class='ocrx_word' id='word_1_350' title='bbox 385 4491 418 4558; x_wconf 95' lang='lat' dir='ltr'><strong>in</strong></span> <span class='ocrx_word' id='word_1_351' title='bbox 442 4486 656 4584; x_wconf 83' lang='lat' dir='ltr'><strong>suprascripta</strong></span> <span class='ocrx_word' id='word_1_352' title='bbox 680 4484 785 4578; x_wconf 85' lang='lat' dir='ltr'><strong>prima</strong></span> <span class='ocrx_word' id='word_1_353' title='bbox 810 4481 894 4574; x_wconf 89' lang='lat' dir='ltr'><strong>petia</strong></span> <span class='ocrx_word' id='word_1_354' title='bbox 919 4482 959 4550; x_wconf 91' lang='lat' dir='ltr'><strong>de</strong></span> <span class='ocrx_word' id='word_1_355' title='bbox 985 4489 1070 4552; x_wconf 88' lang='lat' dir='ltr'><strong>terra</strong></span> <span class='ocrx_word' id='word_1_356' title='bbox 1096 4483 1160 4550; x_wconf 83' lang='lat' dir='ltr'><strong>aiiii</strong></span> <span class='ocrx_word' id='word_1_357' title='bbox 1188 4481 1287 4550; x_wconf 82' lang='lat' dir='ltr'><strong>tatere</strong></span> <span class='ocrx_word' id='word_1_358' title='bbox 1313 4479 1376 4548; x_wconf 88' lang='lat' dir='ltr'><strong>fine</strong></span> <span class='ocrx_word' id='word_1_359' title='bbox 1402 4489 1488 4550; x_wconf 90' lang='lat' dir='ltr'><strong>terra</strong></span> <span class='ocrx_word' id='word_1_360' title='bbox 1512 4501 1585 4550; x_wconf 88' lang='lat' dir='ltr'><strong>mea</strong></span> <span class='ocrx_word' id='word_1_361' title='bbox 1610 4489 1642 4552; x_wconf 91' lang='lat' dir='ltr'><strong>et</strong></span> <span class='ocrx_word' id='word_1_362' title='bbox 1658 4481 1698 4551; x_wconf 90' lang='lat' dir='ltr'><strong>de</strong></span> 
     </span>
    </p>
   </div>
   <div class='ocr_carea' id='block_1_7' title="bbox 273 4605 1698 4838">
    <p class='ocr_par' dir='ltr' id='par_1_7' title="bbox 273 4605 1698 4838">
     <span class='ocr_line' id='line_1_32' title="bbox 274 4605 1698 4714; baseline -0.005 -29"><span class='ocrx_word' id='word_1_363' title='bbox 274 4617 334 4714; x_wconf 85' lang='lat' dir='ltr'><strong>ipsi</strong></span> <span class='ocrx_word' id='word_1_364' title='bbox 363 4615 471 4710; x_wconf 86' lang='lat' dir='ltr'><strong>nepoti</strong></span> <span class='ocrx_word' id='word_1_365' title='bbox 492 4612 700 4710; x_wconf 81' lang='lat' dir='ltr'><strong>suprascripti</strong></span> <span class='ocrx_word' id='word_1_366' title='bbox 716 4609 888 4680; x_wconf 86' lang='lat' dir='ltr'><strong>arneiberti</strong></span> <span class='ocrx_word' id='word_1_367' title='bbox 905 4631 962 4702; x_wconf 90' lang='lat' dir='ltr'><strong>per</strong></span> <span class='ocrx_word' id='word_1_368' title='bbox 979 4607 1104 4704; x_wconf 70' lang='lat' dir='ltr'><strong>singula</strong></span> <span class='ocrx_word' id='word_1_369' title='bbox 1125 4607 1222 4676; x_wconf 84' lang='lat' dir='ltr'><strong>latera</strong></span> <span class='ocrx_word' id='word_1_370' title='bbox 1240 4632 1298 4702; x_wconf 85' lang='lat' dir='ltr'><strong>per</strong></span> <span class='ocrx_word' id='word_1_371' title='bbox 1318 4607 1451 4701; x_wconf 73' lang='lat' dir='ltr'><strong>tongum</strong></span> <span class='ocrx_word' id='word_1_372' title='bbox 1471 4605 1569 4679; x_wconf 81' lang='lat' dir='ltr'><strong>babet</strong></span> <span class='ocrx_word' id='word_1_373' title='bbox 1585 4629 1698 4700; x_wconf 80' lang='lat' dir='ltr'><strong>passus</strong></span> 
     </span>
     <span class='ocr_line' id='line_1_33' title="bbox 273 4732 1689 4838; baseline -0.007 -28"><span class='ocrx_word' id='word_1_374' title='bbox 273 4743 390 4838; x_wconf 73' lang='lat' dir='ltr'><strong>biginti</strong></span> <span class='ocrx_word' id='word_1_375' title='bbox 415 4751 448 4810; x_wconf 86' lang='lat' dir='ltr'><strong>et</strong></span> <span class='ocrx_word' id='word_1_376' title='bbox 472 4751 552 4812; x_wconf 88' lang='lat' dir='ltr'><strong>tres.</strong></span> <span class='ocrx_word' id='word_1_377' title='bbox 582 4762 652 4815; x_wconf 80' lang='lat' dir='ltr'><strong>unu</strong></span> <span class='ocrx_word' id='word_1_378' title='bbox 675 4737 779 4828; x_wconf 84' lang='lat' dir='ltr'><strong>eapite</strong></span> <span class='ocrx_word' id='word_1_379' title='bbox 803 4741 890 4804; x_wconf 85' lang='lat' dir='ltr'><strong>tenet</strong></span> <span class='ocrx_word' id='word_1_380' title='bbox 913 4733 946 4802; x_wconf 92' lang='lat' dir='ltr'><strong>in</strong></span> <span class='ocrx_word' id='word_1_381' title='bbox 972 4733 1039 4826; x_wconf 87' lang='lat' dir='ltr'><strong>ipsa</strong></span> <span class='ocrx_word' id='word_1_382' title='bbox 1065 4734 1117 4802; x_wconf 83' lang='lat' dir='ltr'><strong>via</strong></span> <span class='ocrx_word' id='word_1_383' title='bbox 1134 4732 1263 4828; x_wconf 83' lang='lat' dir='ltr'><strong>publiea</strong></span> <span class='ocrx_word' id='word_1_384' title='bbox 1280 4733 1377 4802; x_wconf 89' lang='lat' dir='ltr'><strong>babet</strong></span> <span class='ocrx_word' id='word_1_385' title='bbox 1394 4733 1468 4804; x_wconf 88' lang='lat' dir='ltr'><strong>inde</strong></span> <span class='ocrx_word' id='word_1_386' title='bbox 1487 4753 1597 4824; x_wconf 89' lang='lat' dir='ltr'><strong>passus</strong></span> <span class='ocrx_word' id='word_1_387' title='bbox 1614 4754 1689 4804; x_wconf 85' lang='lat' dir='ltr'><strong>sex.</strong></span> 
     </span>
    </p>
   </div>
   <div class='ocr_carea' id='block_1_8' title="bbox 274 4860 1697 4962">
    <p class='ocr_par' dir='ltr' id='par_1_8' title="bbox 274 4860 1697 4962">
     <span class='ocr_line' id='line_1_34' title="bbox 274 4860 1697 4962; baseline -0.006 -24"><span class='ocrx_word' id='word_1_388' title='bbox 274 4869 339 4938; x_wconf 86' lang='lat' dir='ltr'><strong>alin</strong></span> <span class='ocrx_word' id='word_1_389' title='bbox 363 4869 466 4962; x_wconf 83' lang='lat' dir='ltr'><strong>eapite</strong></span> <span class='ocrx_word' id='word_1_390' title='bbox 491 4864 590 4938; x_wconf 83' lang='lat' dir='ltr'><strong>tenet¹</strong></span> <span class='ocrx_word' id='word_1_391' title='bbox 610 4866 645 4936; x_wconf 91' lang='lat' dir='ltr'><strong>in</strong></span> <span class='ocrx_word' id='word_1_392' title='bbox 674 4873 760 4934; x_wconf 87' lang='lat' dir='ltr'><strong>terra</strong></span> <span class='ocrx_word' id='word_1_393' title='bbox 792 4884 864 4936; x_wconf 82' lang='lat' dir='ltr'><strong>mea</strong></span> <span class='ocrx_word' id='word_1_394' title='bbox 893 4871 925 4932; x_wconf 87' lang='lat' dir='ltr'><strong>et</strong></span> <span class='ocrx_word' id='word_1_395' title='bbox 949 4861 1024 4932; x_wconf 92' lang='lat' dir='ltr'><strong>inde</strong></span> <span class='ocrx_word' id='word_1_396' title='bbox 1050 4860 1146 4932; x_wconf 88' lang='lat' dir='ltr'><strong>habet</strong></span> <span class='ocrx_word' id='word_1_397' title='bbox 1179 4884 1288 4954; x_wconf 89' lang='lat' dir='ltr'><strong>passus</strong></span> <span class='ocrx_word' id='word_1_398' title='bbox 1314 4863 1449 4934; x_wconf 86' lang='lat' dir='ltr'><strong>nobem.</strong></span> <span class='ocrx_word' id='word_1_399' title='bbox 1481 4862 1589 4936; x_wconf 84' lang='lat' dir='ltr'><strong>Tertia</strong></span> <span class='ocrx_word' id='word_1_400' title='bbox 1612 4861 1697 4956; x_wconf 87' lang='lat' dir='ltr'><strong>petia</strong></span> 
     </span>
    </p>
   </div>
   <div class='ocr_carea' id='block_1_9' title="bbox 273 4985 1698 5192">
    <p class='ocr_par' dir='ltr' id='par_1_9' title="bbox 273 4985 1698 5192">
     <span class='ocr_line' id='line_1_35' title="bbox 273 4985 1698 5090; baseline -0.007 -24"><span class='ocrx_word' id='word_1_401' title='bbox 273 4996 383 5090; x_wconf 85' lang='lat' dir='ltr'><strong>ibique</strong></span> <span class='ocrx_word' id='word_1_402' title='bbox 408 5017 476 5066; x_wconf 91' lang='lat' dir='ltr'><strong>unu</strong></span> <span class='ocrx_word' id='word_1_403' title='bbox 501 4995 600 5065; x_wconf 86' lang='lat' dir='ltr'><strong>batere</strong></span> <span class='ocrx_word' id='word_1_404' title='bbox 617 4999 703 5062; x_wconf 85' lang='lat' dir='ltr'><strong>terra</strong></span> <span class='ocrx_word' id='word_1_405' title='bbox 719 4988 927 5083; x_wconf 70' lang='lat' dir='ltr'><strong>suprascripti</strong></span> <span class='ocrx_word' id='word_1_406' title='bbox 945 4987 1131 5058; x_wconf 84' lang='lat' dir='ltr'><strong>monasterii</strong></span> <span class='ocrx_word' id='word_1_407' title='bbox 1151 4985 1247 5056; x_wconf 87' lang='lat' dir='ltr'><strong>babet</strong></span> <span class='ocrx_word' id='word_1_408' title='bbox 1271 4989 1346 5058; x_wconf 88' lang='lat' dir='ltr'><strong>inde</strong></span> <span class='ocrx_word' id='word_1_409' title='bbox 1362 5012 1419 5082; x_wconf 88' lang='lat' dir='ltr'><strong>per</strong></span> <span class='ocrx_word' id='word_1_410' title='bbox 1435 4989 1572 5083; x_wconf 74' lang='lat' dir='ltr'><strong>lonpurn</strong></span> <span class='ocrx_word' id='word_1_411' title='bbox 1587 5009 1698 5084; x_wconf 84' lang='lat' dir='ltr'><strong>passus</strong></span> 
     </span>
     <span class='ocr_line' id='line_1_36' title="bbox 426 5122 1384 5192; baseline -0.006 -2"><span class='ocrx_word' id='word_1_412' title='bbox 426 5123 488 5192; x_wconf 84' lang='lat' dir='ltr'><strong>i&#39;ot.</strong></span> <span class='ocrx_word' id='word_1_413' title='bbox 515 5122 572 5191; x_wconf 83' lang='lat' dir='ltr'><strong>IV.</strong></span> <span class='ocrx_word' id='word_1_414' title='bbox 1342 5125 1384 5186; x_wconf 79' lang='lat'><strong>39</strong></span> 
     </span>
    </p>
   </div>
   <div class='ocr_carea' id='block_1_10' title="bbox 0 0 2477 6532">
    <p class='ocr_par' dir='ltr' id='par_1_10' title="bbox 0 0 2477 6532">
     <span class='ocr_line' id='line_1_37' title="bbox 0 0 2477 6532; baseline 0 0"><span class='ocrx_word' id='word_1_415' title='bbox 0 0 2477 6532; x_wconf 95' lang='lat' dir='ltr'><strong> </strong></span> 
     </span>
    </p>
   </div>
  </div>
 </body>
</html>
