4896 6522
1416 570 1430 666 t
1454 573 1497 640 ⁸⁴
1521 567 1534 661 i

787 713 875 816 reric
898 748 931 812 ct
954 733 1173 813 secundicerio
1204 749 1297 802 reum
1320 723 1480 799 iamdictis
1504 717 1645 792 stauritis
1667 713 1721 788 vel
1743 715 1885 808 posteris
1908 721 2025 794 vmtu‘s
2049 733 2106 798 aar
2136 749 2213 801 me-

787 880 911 940 morata
926 867 1073 940 saunas
1089 871 1209 934 vesum
1225 855 1314 954 quod
1329 851 1410 924 absit
1425 846 1543 919 abeatis
1557 843 1673 916 exinde
1687 841 2079 945 aliquandoqnacumquc
2094 876 2211 951 roque-

785 997 934 1072 sitionem
968 1001 1024 1063 aut
1057 985 1204 1062 molestia
1236 1005 1295 1078 per
1326 976 1453 1051 nullum
1475 971 1612 1045 modum
1636 992 1695 1043 nec
1718 990 1779 1063 per
1807 973 1989 1046 summissis
2020 980 2208 1070 personisn

787 1139 873 1192 nunc
896 1125 929 1186 et
946 1115 983 1185 in
999 1111 1160 1206 perpetuis
1184 1103 1404 1199 temporibus:
1430 1095 1654 1171 tantummodo
1668 1095 1698 1166 si
1712 1093 1860 1190 quolibet
1874 1107 2021 1194 tempore
2036 1105 2104 1198 ipsa
2118 1115 2207 1180 stan·

785 1245 847 1314 rita
869 1241 1015 1312 dirrubta
1039 1236 1138 1308 fucris
1162 1235 1247 1306 clara
1270 1233 1354 1303 facta
1376 1227 1512 1301 veritate
1539 1234 1618 1296 tunc
1642 1231 1822 1295 memorata
1845 1225 1970 1320 integra
2003 1229 2205 1306 clusuricclla

785 1367 948 1438 rebertaut
964 1364 999 1432 in
1020 1367 1200 1432 memorato
1217 1365 1328 1428 nostro
1344 1350 1539 1424 monasterio
1556 1349 1625 1420 sine
1641 1347 1733 1419 omni
1751 1348 1943 1422 minuitate:
1966 1356 2099 1447 [nsupm
2122 1383 2205 1450 pro-

784 1491 942 1564 mittimus
965 1488 1058 1560 vobis
1080 1492 1260 1558 memorato
1283 1479 1469 1575 primicerio
1493 1487 1526 1550 et
1548 1455 1728 1548 memorato
1748 1476 1969 1548 secundicerio
1987 1487 2022 1550 ct
2046 1480 2203 1557 iamdictis

782 1621 923 1694 stauritis
946 1625 983 1689 ut
1005 1637 1102 1708 snper
1124 1611 1244 1705 legitur
1267 1616 1300 1678 et
1323 1630 1381 1700 per
1405 1627 1464 1679 vos
1486 1601 1740 1698 repromittimus
1766 1624 1785 1671 a
1807 1603 1940 1698 quidem
1962 1629 2100 1700 sperono
2130 1613 2204 1703 pri-

782 1743 918 1819 micerio
941 1739 1000 1835 qni
1022 1735 1207 1807 nominatur
1230 1730 1362 1803 milluso
1384 1739 1418 1802 et
1442 1727 1596 1822 stephano
1620 1726 1678 1822 qui
1701 1727 1885 1802 nominatur
1908 1729 2061 1804 levorano
2090 1747 2124 1804 et
2147 1761 2200 1810 ce-

784 1870 869 1942 sario
892 1866 960 1938 filio
982 1863 1091 1937 donati
1122 1883 1215 1934 senm
1247 1857 1365 1929 andrea
1387 1854 1456 1927 filio
1478 1855 1564 1950 petri
1587 1861 1621 1925 et
1644 1853 1762 1926 donato
1785 1853 1855 1928 dlio
1879 1857 2041 1950 quondm
2072 1865 2197 1935 cerarii.

784 2007 817 2069 et
832 2005 926 2092 petro
940 1993 999 2090 qui
1014 1989 1199 2062 nominator
1213 1984 1367 2081 rappulo:
1394 1981 1604 2058 abitatoribus
1620 1981 1660 2054 de
1675 1981 1750 2055 loco
1764 1983 1823 2079 qui
1845 1995 1979 2058 vccatm
1994 1989 2173 2066 minianum
2188 2019 2196 2061 :

783 2133 821 2194 nt
844 2143 902 2195 ros
925 2120 992 2191 iam
1016 2117 1091 2188 totis
1113 2113 1316 2187 nominatibis
1345 2118 1378 2181 ct
1400 2109 1597 2184 omminibus
1620 2109 1660 2180 dc
1683 2095 1762 2182 casis
1785 2113 1901 2186 vestris
1925 2115 2043 2188 abeatis
2075 2119 2200 2214 largie-

781 2258 881 2321 tatem
903 2269 980 2319 cum
1002 2243 1141 2339 peccabas
1165 2251 1287 2318 vestras
1311 2240 1442 2314 maioris
1466 2247 1499 2312 ct
1522 2239 1657 2311 minoris
1679 2239 1715 2311 in
1737 2239 1794 2312 illa
1816 2240 1897 2314 silba
1913 2253 2100 2340 nostraque
2122 2248 2197 2320 ebe·

782 2397 856 2446 mus
878 2374 914 2444 in
937 2381 1046 2446 monte
1069 2369 1210 2443 besubeo
1231 2367 1326 2444 sicuti
1350 2367 1492 2440 continet
1515 2363 1696 2443 firmissima
1711 2365 1858 2440 chartula
1883 2369 2061 2452 securitatis
2085 2385 2197 2444 nostra

780 2519 845 2590 que
867 2519 927 2568 nos
949 2497 1025 2576 inde
1049 2497 1135 2568 intus
1158 2501 1336 2566 memorato
1359 2502 1469 2568 nostro
1493 2497 1689 2568 monasterio
1712 2495 1809 2570 abere
1832 2495 1982 2569 videmur
2005 2507 2038 2568 et
2064 2499 2138 2570 inde
2156 2497 2196 2568 li-

716 2691 718 2698 .
779 2641 859 2712 gnas
881 2619 921 2689 da
945 2620 1055 2690 iocum
1079 2617 1190 2689 taliarc
1212 2618 1281 2691 sine
1304 2620 1395 2691 omni
1418 2628 1528 2691 nostra
1550 2621 1776 2694 contrarietate
1799 2619 1920 2718 absque
1950 2625 2195 2721 qualiscumque

779 2745 971 2816 damnietate
994 2744 1035 2818 dc
1057 2745 1126 2839 ipsa
1148 2743 1229 2818 silba
1252 2757 1361 2820 nostra
1385 2755 1418 2818 et
1441 2748 1481 2822 dc
1504 2757 1665 2822 metaneae
1688 2759 1721 2824 et
1744 2749 1785 2822 de
1808 2747 1990 2826 ime'rtasct
2005 2753 2045 2827 de
2062 2773 2196 2853 cerquas

769 2860 814 2942 'et
836 2870 876 2942 de
899 2871 953 2950 illa
976 2893 1063 2944 escas
1086 2881 1119 2944 et
1141 2872 1271 2946 nubum
1293 2873 1419 2970 lignum
1441 2879 1500 2974 qui
1523 2878 1658 2972 prodcm
1682 2879 1808 2953 abueris
1832 2879 1907 2954 inde
1922 2881 2030 2954 taliarc
2046 2903 2113 2953 non
2131 2883 2196 2956 de-

779 2995 880 3068 beatis
905 3007 961 3073 ant
983 2997 1094 3071 talisre
1116 2999 1239 3070 faciatis
1261 3023 1321 3094 per
1343 2997 1471 3075 nullum
1494 3001 1650 3074 modum:
1677 3006 1776 3078 ctiam
1800 3015 1832 3079 et
1847 3005 1891 3078 de
1906 3008 1974 3102 ipsa
1988 3007 2070 3078 silba
2083 3017 2196 3080 nostra
2236 3012 2239 3020 ’

780 3121 837 3191 nbi
859 3121 928 3214 ipsa
959 3121 1122 3216 largietatc
1153 3123 1245 3196 vobis
1276 3123 1421 3198 dedimus
1444 3133 1482 3196 nt
1503 3145 1601 3218 snper
1623 3125 1742 3219 legitur
1765 3149 1823 3222 per
1846 3129 1923 3202 fines
1960 3151 2194 3227 exegrcgamus

776 3243 840 3314 hoc
863 3251 911 3316 est
934 3244 974 3316 da
996 3244 1052 3316 illa
1075 3267 1172 3318 crum
1195 3256 1229 3319 et
1260 3247 1302 3320 da
1337 3247 1411 3320 inda
1445 3247 1610 3341 quomodo
1644 3247 1732 3320 vadit
1753 3273 1811 3344 per
1834 3251 1889 3324 illa
1912 3253 1966 3325 via
1997 3254 2056 3349 qui
2090 3255 2195 3350 pergit

776 3381 809 3442 et
831 3372 905 3444 salit
927 3373 962 3443 in
984 3384 1080 3467 caput
1103 3375 1239 3450 deloco
1262 3377 1320 3470 qui
1343 3375 1527 3447 nominatur
1550 3385 1584 3446 at
1606 3375 1700 3449 illurn
1723 3401 1878 3452 scannum
1901 3391 1934 3451 et
1965 3383 2005 3454 de
2022 3383 2087 3454 alia
2101 3397 2191 3476 parte

775 3497 941 3591 quomodo
964 3499 1038 3571 salit
1061 3501 1117 3574 illa
1140 3505 1192 3577 ria
1216 3504 1274 3599 qui
1297 3505 1403 3598 pergit
1426 3513 1459 3574 at
1481 3506 1676 3580 monasterio
1699 3507 1799 3579 sancti
1822 3507 1988 3580 salvatoris
2020 3509 2060 3581 dc
2077 3509 2192 3580 eodem

776 3627 886 3690 monte
909 3620 1051 3698 vesubeo
1076 3645 1178 3718 usque
1201 3635 1234 3694 at
1256 3623 1350 3696 illurn
1373 3629 1510 3700 termine
1533 3639 1679 3702 nostrum
1700 3651 1919 3702 marmoreum
1943 3632 2001 3725 qui
2022 3642 2070 3704 est
2101 3633 2193 3705 fictm

752 3747 859 3818 ‘insta
883 3759 1059 3820 memorata
1084 3753 1156 3823 via:
1190 3761 1222 3826 ct
1244 3753 1385 3850 reliqum
1408 3755 1507 3830 abram
1531 3781 1574 3829 cx
1596 3759 1665 3853 ipsa
1688 3754 1768 3829 silba
1789 3767 1899 3829 nostra
1922 3759 2044 3833 amram
2082 3759 2193 3831 domi·

775 3875 937 3946 nationem
962 3877 1095 3952 abeafis:
1120 3883 1217 3954 etiam
1229 3891 1273 3954 'et
1295 3881 1490 3980 quandoque
1514 3887 1584 3980 ipsa
1607 3885 1687 3958 silba
1711 3897 1819 3960 nostra
1839 3889 1926 3961 intus
1940 3889 2023 3985 ipsas
2039 3887 2118 3961 fines
2136 3887 2192 3958 ubi

773 4001 841 4094 ipsa
864 4003 1062 4098 largietatem
1087 4009 1177 4080 vobis
1201 4011 1348 4084 dedimus
1371 4027 1408 4084 ut
1430 4036 1528 4108 super
1550 4014 1670 4110 legitur
1692 4039 1779 4090 escas
1802 4018 1930 4090 abueris
1953 4019 2038 4090 etin
2063 4039 2190 4089 memo·

772 4137 841 4200 rato
866 4139 974 4202 nostro
996 4133 1201 4206 monasterio.
1228 4157 1295 4205 non
1316 4137 1540 4210 neccssaberis.
1566 4150 1622 4211 ant
1644 4151 1678 4214 at
1700 4143 1816 4215 nostris
1841 4143 2037 4217 omminibus
2062 4152 2096 4215 et
2117 4143 2191 4214 illos
2285 4185 2291 4192 -

771 4259 804 4318 at
827 4253 965 4324 vendere
989 4252 1174 4327 abncrimus
1196 4267 1274 4330 tunc
1298 4259 1391 4330 vobis
1415 4262 1487 4335 illos
1511 4267 1650 4338 vendere
1674 4267 1845 4340 debeamus
1867 4269 1962 4342 sicuti
1986 4269 2102 4342 exinde
2139 4272 2191 4340 in-

770 4375 953 4448 venerimus
977 4379 1018 4451 da
1040 4382 1119 4456 duas
1141 4405 1233 4456 scum
1255 4387 1348 4460 tertia
1372 4393 1405 4460 et
1426 4405 1541 4488 quarta
1564 4419 1734 4489 personas:
1761 4406 1982 4470 verumtamen
1997 4399 2084 4468 stetit
2099 4399 2186 4468 inter

769 4504 862 4576 nobis
885 4517 922 4578 ut
945 4509 973 4580 si
997 4533 1055 4583 sos
1077 4515 1163 4588 intus
1184 4529 1375 4592 memoratas
1398 4523 1478 4596 fines
1501 4525 1557 4594 ubi
1582 4526 1674 4596 vobis
1697 4521 1864 4620 largietate
1889 4525 2035 4598 dedimus
2053 4528 2096 4599 de
2111 4547 2189 4596 me-

769 4647 893 4706 morata
916 4639 996 4712 silba
1020 4651 1126 4715 nostra
1151 4646 1237 4719 unde
1260 4659 1438 4724 memorata
1461 4653 1643 4725 firmissima
1667 4653 1812 4727 chartula
1837 4655 2018 4728 securitatis
2035 4665 2191 4747 atpreen-

768 4781 837 4828 sam
849 4759 990 4836 'abemus
1014 4767 1150 4883 qualiter
1173 4775 1321 4867 superius
1344 4775 1480 4870 tergitur
1496 4775 1739 4874 qualiscumque
1758 4777 1883 4872 lignum
1900 4779 1940 4850 da
1956 4775 2092 4870 prodam
2114 4773 2190 4846 inde

766 4881 874 4956 taliare
897 4887 1061 4965 volueritis
1086 4893 1206 4990 absque
1229 4897 1472 4993 qualiscumque
1495 4897 1685 4976 damnietata
1708 4900 1749 4974 de
1774 4901 1842 4994 ipsa
1857 4900 1939 4972 silba
1955 4911 2062 4974 coena
2080 4899 2108 4970 si
2126 4921 2185 4996 per
