4940 6518
852 605 861 618 ·
885 589 899 681 t
923 591 965 658 ³⁷
990 587 1004 684 t

122 733 125 742 ’
240 746 401 820 nominata
423 749 601 820 memorata
624 744 750 838 integra
773 744 924 839 portione
948 751 981 817 et
1001 747 1194 841 pertinentia
1217 768 1289 819 mea
1314 749 1374 844 qui
1397 745 1498 819 miehi
1521 746 1654 818 obbenit

239 880 271 944 et
293 869 430 965 pertinet
452 871 492 943 da
515 879 547 942 te
572 879 750 942 memorata
774 872 942 941 maroecie
957 894 1068 942 soeera
1091 895 1162 944 mea
1188 882 1221 944 et
1235 875 1276 944 da
1291 876 1456 968 quondam
1472 867 1653 942 memorato

240 997 379 1070 iohanne
402 999 460 1094 qui
484 999 675 1070 nominatur
699 995 845 1091 ildiperti
868 1019 981 1070 socero
1003 1020 1078 1070 meo
1102 1001 1257 1072 auteriori
1280 1001 1345 1072 riri
1366 1001 1415 1071 tui
1438 999 1528 1096 qued
1543 1008 1590 1070 est
1616 1001 1655 1071 de

239 1133 353 1218 quarta
378 1133 496 1220 parte:
523 1131 615 1216 parte
639 1147 704 1194 una
731 1123 770 1195 de
793 1121 920 1214 integra
942 1131 1118 1193 memorata
1141 1125 1226 1216 petia
1242 1123 1281 1192 de
1297 1131 1473 1196 memorata
1489 1130 1655 1219 terraque

238 1249 427 1322 uomiuatur
451 1265 524 1318 eera
548 1243 698 1336 palumbe
721 1243 824 1336 posita
859 1245 893 1312 iu
916 1245 1029 1316 eodem
1051 1243 1124 1314 loeo
1148 1239 1218 1337 puli
1248 1267 1412 1314 unacum
1435 1247 1602 1318 erroribus
1625 1256 1659 1318 et

242 1369 426 1440 introitum·
445 1389 542 1439 suum
566 1375 599 1436 et
632 1364 781 1436 omuibus
803 1364 865 1434 sivi
889 1363 1138 1456 pertinentibus:
1177 1371 1285 1463 quire
1308 1365 1440 1438 insimul
1459 1369 1604 1464 iungitm·
1629 1379 1662 1442 et

242 1494 419 1568 indivisum
442 1492 582 1564 relucent
606 1511 682 1560 cum
705 1488 845 1582 rebquas
872 1487 951 1559 alies
974 1499 1006 1561 at
1028 1492 1139 1562 similis
1171 1500 1235 1561 tres
1250 1505 1356 1585 partes
1371 1519 1412 1565 ex
1426 1497 1496 1587 ipsa
1512 1497 1597 1589 petia
1621 1496 1661 1566 de

243 1626 420 1694 memorata
443 1626 528 1688 terra
551 1615 609 1712 qui
634 1624 711 1687 suut
733 1623 789 1687 tue
813 1627 989 1688 memorata
1014 1618 1174 1688 maroeeia
1199 1640 1310 1688 soeera
1333 1641 1404 1689 mea
1425 1620 1513 1690 etde
1530 1641 1664 1691 memo-

243 1752 319 1814 rato
343 1741 497 1837 stephano
520 1750 553 1812 et
575 1741 726 1814 iamdicta
750 1739 834 1811 bone
860 1741 1021 1835 germanis
1045 1739 1189 1832 eoguatis
1213 1741 1294 1810 meis
1316 1741 1390 1812 filiis
1413 1742 1476 1812 tuis
1499 1765 1564 1839 que
1588 1746 1663 1815 abes
1687 1821 1690 1828 ,

244 1866 286 1939 de
309 1873 488 1938 memorato
513 1863 652 1938 iohanne
679 1865 737 1959 qui
761 1866 946 1936 nominatur
969 1863 1108 1959 ildiperti
1132 1865 1283 1936 anteriori
1305 1865 1368 1936 riri
1392 1866 1442 1936 tui
1465 1867 1569 1940 soceri
1595 1869 1660 1940 mei

244 1989 343 2063 sinuli
366 1999 399 2062 et
416 1995 587 2085 quomodo
610 1993 761 2087 superius
784 1993 904 2087 legitur
926 2019 946 2064 a
967 2017 1022 2066 me
1046 1991 1139 2064 robis
1156 1991 1198 2064 sit
1211 1992 1492 2064 venumdatumet
1508 1995 1661 2066 traditum

244 2111 282 2186 iu
304 2121 358 2185 tua
381 2115 511 2212 tuisque
538 2113 709 2188 heredibus
738 2115 804 2186 sint
831 2125 1019 2211 potestatem
1043 2138 1172 2210 queque
1199 2112 1315 2185 exinde
1339 2115 1443 2185 faeere
1466 2115 1658 2188 volueritis:

245 2233 381 2310 liberem
403 2256 531 2332 semper
554 2237 673 2312 abeatis
699 2243 911 2332 potestatem:
938 2245 971 2307 et
994 2259 1099 2331 ueque
1122 2262 1141 2308 a
1164 2260 1216 2307 me
1240 2238 1418 2313 memorato
1441 2236 1581 2310 iohanne
1597 2261 1663 2310 uua

245 2384 329 2436 eum·
347 2385 503 2438 museusn
525 2372 559 2436 et
580 2363 748 2438 voluntate
773 2374 952 2436 memorata
981 2365 1087 2436 lasaua
1116 2363 1283 2455 posterieri
1307 2363 1438 2458 eoniugi
1461 2387 1533 2434 mea
1556 2387 1663 2460 neque

249 2513 271 2559 s
295 2489 378 2562 meh
401 2476 573 2566 heredibus
596 2489 649 2565 rel
672 2516 692 2562 a
715 2491 810 2563 uobis
835 2488 983 2587 personis
1005 2485 1181 2558 summissis
1210 2487 1301 2558 nullo
1324 2497 1468 2581 tempore
1490 2509 1667 2580 numquam

250 2633 313 2687 vos
337 2623 515 2688 memorato
541 2591 675 2687 ulririeo
698 2622 731 2688 et
756 2623 935 2686 memorata
957 2613 1118 2684 maroeeia
1142 2635 1253 2682 soeera
1274 2633 1365 2682 mea:
1388 2611 1451 2682 boe
1474 2620 1522 2682 est
1544 2610 1668 2703 iugales

252 2743 318 2816 stud
340 2743 514 2825 heredibus
548 2744 664 2820 vestris
690 2745 779 2841 quod
806 2743 887 2815 absit
920 2741 1040 2830 abeatis
1063 2739 1180 2814 exinde
1203 2740 1242 2814 de
1264 2747 1442 2812 memorata
1464 2737 1613 2831 portione
1636 2746 1670 2808 et

250 2871 446 2966 petliueutis
476 2893 549 2946 mes
583 2869 673 2968 quod
703 2884 753 2947 est
786 2876 827 2947 de
854 2880 969 2969 quarta
993 2877 1103 2966 parte:
1134 2875 1223 2962 porte
1248 2891 1312 2939 una
1333 2865 1429 2938 sicuti
1451 2875 1483 2936 et
1506 2867 1669 2963 quomodo

250 3001 400 3094 superius
426 2999 548 3094 legitur
572 3001 747 3098 aliqubudo
775 3021 999 3098 quacumque:
1025 2997 1243 3094 requesitione
1266 2993 1330 3064 aud
1351 2993 1496 3066 molestia
1518 2993 1561 3065 ha
1584 3015 1670 3065 nune

252 3131 290 3194 et
310 3125 346 3196 in
367 3125 535 3218 perpetuis
558 3123 786 3216 temporibus:
811 3125 945 3219 Insuper
974 3124 1063 3194 omni
1088 3131 1233 3214 tempore
1257 3141 1319 3210 ego
1342 3125 1374 3188 et
1394 3117 1568 3188 heredibus
1591 3118 1673 3192 meis

253 3243 352 3314 robis
373 3243 554 3338 vestrisque
576 3231 753 3317 heredibus
778 3245 895 3318 exinde
918 3246 958 3316 ab
981 3246 1087 3318 omnis
1112 3242 1269 3316 ommiues
1292 3240 1448 3334 omnique
1472 3239 1616 3333 personis
1639 3239 1674 3308 in

258 3367 407 3438 omuibus
430 3376 589 3443 antestare
612 3383 645 3444 et
679 3373 843 3446 defensare
866 3375 1058 3446 debeamus:
1084 3373 1290 3444 hostendeute
1305 3391 1365 3439 ros
1380 3375 1413 3439 et
1427 3365 1600 3438 heredibus
1615 3386 1690 3460 re·-

255 3495 331 3567 stris
354 3493 454 3566 miehi
480 3496 631 3594 meisque
654 3497 827 3570 heredibus
850 3511 1027 3572 memorata
1051 3500 1195 3571 chartula
1211 3501 1456 3594 comparationis
1471 3499 1589 3588 scripta
1605 3495 1673 3565 lan-

256 3623 443 3718 goberdbea
470 3625 657 3700 continente
681 3633 861 3698 memorata
884 3635 971 3700 terro
994 3652 1078 3726 qne:
1106 3630 1190 3722 opud
1213 3651 1272 3702 ros
1295 3629 1393 3702 abetis
1417 3627 1559 3724 qualiter
1581 3647 1676 3718 supe·

255 3751 326 3822 rius
359 3750 479 3844 legitur
511 3749 714 3846 ubicumque
742 3751 823 3824 mihi
854 3753 998 3850 meisque
1022 3753 1193 3827 heredibus
1216 3774 1343 3827 necessa
1365 3755 1465 3828 fueris
1489 3751 1591 3823 etsie
1614 3773 1676 3846 ego

255 3886 291 3947 et
316 3877 489 3951 heredibus
520 3879 601 3950 meis
637 3877 734 3951 robis
765 3880 944 3975 vestrisque
976 3881 1148 3953 heredibus
1176 3883 1258 3954 illud
1280 3890 1435 3954 antestare
1459 3887 1492 3950 et
1515 3879 1679 3950 defensare

255 4006 458 4078 debeamus:
483 4015 618 4100 propter
642 4007 732 4104 quod
762 4007 878 4078 exinde
902 4009 1083 4102 accepimus
1106 4033 1125 4078 a
1147 4009 1241 4082 robis
1263 4009 1298 4078 iu
1321 4008 1477 4104 presentis
1500 4005 1583 4076 idest
1607 4002 1678 4074 auri

254 4131 322 4202 tari
347 4137 444 4201 oeto:
471 4131 554 4202 sieut
580 4131 666 4203 iuter
688 4129 783 4202 uobis
806 4133 988 4206 comreuit:
1021 4133 1053 4204 si
1084 4143 1191 4207 autem
1225 4157 1286 4228 ego
1317 4134 1381 4204 aud
1404 4128 1575 4204 heredibus
1598 4127 1679 4199 meis

256 4255 355 4326 aliter
389 4253 562 4326 leoerimus
592 4253 632 4324 de
658 4251 721 4324 ibis
754 4237 903 4327 omuibus
933 4260 1117 4330 memoratis
1143 4271 1181 4330 ut
1203 4282 1300 4353 super
1330 4257 1449 4352 legitur
1481 4277 1540 4350 per
1562 4249 1679 4348 quobis

256 4381 399 4452 modum
424 4379 489 4454 sud
512 4379 689 4453 summissis
712 4381 857 4476 personis
880 4392 957 4452 tune
984 4407 1144 4476 compono
1169 4407 1230 4476 ego
1255 4392 1287 4454 st
1303 4382 1476 4454 heredibus
1491 4381 1571 4451 meis
1588 4376 1680 4449 vobis

259 4509 446 4604 vestrisque
469 4507 639 4584 heredibus
665 4509 737 4580 auri
761 4507 882 4583 solidos
896 4487 1074 4582 'duodecim
1098 4510 1323 4606 bptbientbeos
1338 4519 1369 4584 et
1385 4534 1423 4582 ec
1438 4506 1581 4582 chartula
1601 4527 1680 4576 ren·

260 4632 398 4705 ditionis
433 4642 471 4706 ut
503 4655 603 4730 super
639 4633 759 4731 legitur
790 4633 833 4705 sit
861 4635 954 4707 mma
976 4635 1092 4728 scripta
1116 4659 1175 4729 per
1197 4658 1327 4708 manum
1352 4632 1449 4726 sergii
1472 4627 1600 4702 curialis
1623 4651 1681 4724 per

262 4774 444 4837 memorata
467 4773 564 4837 sexta
587 4761 775 4837 indictione:
1529 4851 1534 4862 ⁸

364 4913 404 4961 oe
428 4891 500 4988 sign
513 4913 571 4966 um
593 4889 625 4989 †
647 4913 762 4968 monus
784 4901 963 4970 memorato
976 4894 1107 4970 iohanni
1122 4919 1197 4968 eum
1213 4915 1367 4968 consensu
1383 4901 1415 4968 et
1430 4891 1591 4968 roluntote
1605 4910 1699 4969 me-.
