4888 6528
1403 597 1546 698 (rac)

759 780 941 858 ducamus
962 775 1034 850 sslos
1057 774 1140 848 inter
1162 769 1255 842 nobis
1278 785 1336 860 per
1360 751 1584 834 medietatem}
1611 773 1672 827 vos
1686 759 1729 826 ‘et
1752 751 1893 848 posceris
1915 743 2032 826 restris
2055 760 2181 828 etme-

600 969 601 972 ,
723 914 885 994 t*mor-‚sco
909 911 1015 996 restro
1039 895 1236 970 memorio
1258 887 1462 992 medietatem
1485 888 1518 954 et
1540 900 1600 952 nos
1623 887 1657 949 et
1679 876 1855 948 heredibus
1885 878 2002 952 noenu
2026 879 2178 952 simitu

762 1035 825 1105 alia
848 1029 1073 1104 medentem
1099 1034 1133 1097 et
1159 1022 1230 1116 ipsa
1252 1017 1424 1090 medietate
1447 1019 1556 1084 nostra
1580 1009 1666 1118 inter
1690 1007 1785 1081 nobis
1808 1007 1885 1082 illut
1905 1009 2048 1082 dividere
2062 1008 2180 1083 debec-

760 1175 834 1226 mus
857 1154 892 1224 in
914 1150 1028 1222 ordine
1051 1146 1147 1220 sicuti
1171 1146 1212 1217 do
1235 1142 1314 1238 ipsis
1338 1139 1436 1212 terris
1459 1133 1743 1208 invocaverimus:
1771 1141 1805 1206 st
1833 1133 1903 1229 ipsa
1925 1133 2092 1207 medietato
2113 1157 2179 1206 us·

763 1293 829 1354 stra
853 1280 911 1376 qui
935 1300 994 1351 ros
1017 1287 1050 1349 et
1071 1275 1210 1370 posteris
1232 1269 1348 1346 reshis
1363 1267 1491 1382 ‚exinde
1513 1265 1660 1361 tetigeris
1681 1285 1742 1336 vos
1764 1273 1798 1336 et
1820 1263 1956 1360 posteris
1972 1261 2087 1334 vestris
2109 1257 2180 1335 illos

618 1412 622 1420 '
768 1405 887 1482 exinde
910 1416 1015 1474 tmere
1039 1399 1182 1476 debeatis
1208 1395 1376 1495 womodo
1399 1391 1589 1490 potueritis:
1616 1397 1650 1461 et
1664 1409 1725 1462 nos
1740 1398 1772 1460 at
1789 1387 1961 1464 heredibus
1976 1387 2095 1460 nands
2110 1385 2181 1460 illut

768 1535 968 1634 pindemiare
992 1529 1167 1604 debeamus
1184 1537 1217 1600 rt
1237 1524 1350 1598 omnio
1365 1533 1477 1596 nostro
1494 1519 1671 1618 expcndio:
1689 1519 1806 1590 vinum
1821 1529 1854 1590 rt
1869 1519 2044 1592 emendum
2059 1531 2091 1591 at
2105 1521 2180 1614 ipsis

768 1661 926 1759 operarhs
958 1657 1017 1753 qui
1047 1656 1168 1728 ibidem
1202 1650 1430 1726 vtndemiaerls
1461 1647 1645 1722 comuniter
1676 1643 1816 1719 demumr
1849 1655 1882 1718 et
1913 1647 1982 1740 ipsa
2014 1645 2181 1719 medietato

768 1802 875 1864 restra
897 1783 1068 1860 memorati
1093 1781 1190 1855 vestri
1213 1779 1400 1852 monasterii
1425 1779 1517 1852 omni
1546 1799 1652 1850 annue
1673 1797 1804 1851 serrare
1826 1772 1999 1848 debeamus
2020 1775 2056 1848 in
2080 1796 2180 1869 orga-

767 1917 839 1992 neis
861 1915 977 1988 nostris
1001 1913 1069 1985 dies
1092 1909 1177 1984 tres:
1200 1917 1234 1982 et
1259 1931 1317 2004 per
1338 1907 1517 1981 vindemias
1535 1905 1614 1979 duas
1628 1927 1782 2001 personas
1796 1912 1918 1979 vestras
1933 1927 2007 1978 eum
2022 1904 2183 1978 caballum

742 2137 746 2144 Ι
769 2047 914 2117 bestrnm
937 2042 1064 2114 nutrire
1087 2039 1262 2112 debeamus
1285 2035 1452 2135 quomodo
1481 2035 1603 2108 iustum
1627 2033 1726 2106 luerit
1739 2031 1816 2106 dum
1830 2033 1982 2107 inunum
2005 2029 2183 2105 bindemia·

770 2178 941 2246 verimus:
970 2181 1002 2243 ct
1025 2181 1060 2242 rt
1085 2173 1191 2264 ipsum
1215 2167 1377 2240 caballum
1399 2165 1475 2238 dare
1499 2163 1670 2236 debeamus
1692 2185 1750 2258 por
1770 2181 1882 2234 omnes
1903 2182 1989 2234 seras
2011 2161 2090 2235 dum
2112 2183 2182 2233 no·

773 2301 896 2372 biscum
921 2293 1195 2370 vindemiaberitir
1219 2261 1358 2368 ordeum
1382 2295 1496 2386 quarte
1519 2288 1600 2360 due:
1626 2287 1744 2360 et'non
1761 2285 1879 2360 abeatis
1894 2285 2055 2360 licentiam
2070 2309 2130 2362 ros
2147 2297 2183 2358 et

772 2427 909 2523 posteris
940 2425 1054 2496 vestris
1086 2433 1120 2494 et
1150 2432 1330 2493 memorato
1363 2427 1471 2491 vestro
1502 2415 1696 2490 monasterio
1729 2412 1821 2486 nobis
1841 2413 2022 2510 nostrisque
2044 2413 2184 2509 propriis

772 2549 942 2622 heredibus
965 2545 1082 2619 exinde
1106 2546 1223 2616 iactare
1248 2555 1304 2618 aut
1327 2543 1399 2618 illos
1426 2541 1536 2616 tollere
1559 2565 1619 2638 per
1642 2539 1767 2614 nullum
1791 2541 1925 2613 modum
1940 2563 2001 2614 nec
2015 2563 2073 2636 per
2089 2561 2183 2614 sum·

771 2675 883 2744 missas
907 2689 1059 2766 personas
1081 2687 1163 2740 rene
1187 2689 1246 2740 nos
1270 2677 1303 2740 et
1324 2665 1495 2738 heredibus
1519 2667 1636 2740 nostris
1658 2663 1731 2738 illos
1754 2663 1934 2738 invocantes
1956 2675 1988 2738 et
2003 2667 2182 2762 pergiantos

772 2812 803 2872 ct
830 2797 939 2869 omnia
962 2805 1140 2868 memorata
1164 2793 1387 2890 atimplentes:
1422 2803 1470 2866 ut*
1487 2817 1584 2890 super
1606 2791 1750 2889 legitur:
1777 2799 1883 2866 tamen
1905 2793 1933 2866 si
1956 2817 2013 2866 ros
2036 2803 2093 2864 aut
2114 2815 2183 2886 po-

772 2928 864 3000 steris
890 2925 1004 3000 restris
1026 2925 1096 3020 ipsa
1119 2922 1337 2996 obedientium
1352 2925 1387 2996 iu
1402 2933 1582 2996 memorato
1597 2923 1670 2994 loeo
1686 2921 1928 2996 hordinaveritis
1949 2931 1980 2994 et
1995 2920 2071 3014 ipsis
2086 2919 2183 2992 terris

772 3057 841 3147 ipse
866 3061 974 3124 restro
999 3047 1197 3120 monasterio
1221 3047 1366 3120 irrorare
1382 3048 1551 3144 potueritis
1566 3069 1625 3144 per
1640 3046 1727 3120 clara
1742 3050 1822 3122 tacu
1838 3047 2003 3124 xeuntem
2020 3045 2184 3120 licentiam

772 3181 895 3252 abeatis
920 3177 1011 3250 nobis
1033 3177 1216 3272 nostrisque
1240 3175 1380 3270 propriis
1404 3173 1578 3248 heredibus
1592 3175 1665 3249 illos
1681 3176 1815 3251 tollere:
1840 3177 1970 3272 insuper
1990 3175 2184 3276 quandoque

772 3327 832 3378 nos
856 3313 887 3376 et
910 3302 1028 3376 nostris
1051 3301 1194 3398 propriis
1216 3299 1387 3372 heredibus
1411 3299 1485 3372 illos
1509 3301 1732 3375 abrenuntiare
1755 3301 1953 3378 voluerimus
1974 3303 2136 3375 licentiam
2151 3309 2184 3373 et

771 3441 960 3527 potestatem
993 3431 1156 3503 abeamus·
1177 3427 1271 3502 robis
1299 3429 1477 3525 vestrisque
1500 3431 1636 3526 posteris
1660 3441 1693 3503 et
1716 3433 1750 3503 in
1773 3441 1951 3504 memorato
1973 3441 2081 3504 vestro
2096 3441 2183 3502 ‘mo-

772 3556 914 3626 nasterio
937 3555 1010 3625 iilos
1034 3547 1258 3628 abrenuntiare
1282 3563 1314 3625 et
1338 3555 1455 3628 exinde
1480 3565 1630 3626 excolere
1653 3555 1760 3626 omnia
1777 3565 1883 3625 nostra
1900 3548 2077 3626 eama'sine
2092 3553 2184 3626 omui

773 3683 996 3755 contrarietate
1029 3691 1164 3778 excepto
1196 3682 1282 3778 sepis
1312 3705 1371 3778 per
1403 3683 1476 3780 giro
1499 3682 1569 3779 ipso
1593 3679 1729 3756 lindum
1752 3682 1908 3778 piendum
1931 3707 1996 3779 qne
2019 3681 2094 3755 iude
2117 3705 2182 3755 non

772 3809 961 3881 hersemnst
996 3817 1028 3882 et
1058 3807 1136 3904 ipsis
1169 3810 1263 3884 terris
1293 3809 1517 3885 abrenuntiare
1541 3811 1729 3913 cumomni
1752 3833 1809 3884 sua
1834 3811 2080 3883 melioratione:
2104 3812 2180 3908 quis

770 3936 814 4005 ita
839 3932 930 4006 nobis
952 3932 1095 4029 placuit:
1117 3932 1145 4004 si
1170 3945 1277 4004 autem
1302 3929 1394 4003 aliter
1418 3933 1590 4006 fecerimus
1612 3935 1653 4007 de
1676 3933 1727 4006 bis
1751 3933 1901 4006 omnibus
1916 3933 2105 4005 memoratis
2125 3952 2183 4026 per

772 4058 888 4156 <probis
920 4062 1055 4132 modum
1087 4069 1142 4134 aut
1173 4059 1351 4132 summissis
1383 4062 1528 4156 personis
1560 4071 1637 4132 tnnc
1661 4061 1882 4156 componimus
1905 4081 1965 4132 nos
1989 4069 2021 4168 et
2043 4057 2181 4154 propriis

771 4193 887 4261 nostris
912 4190 1082 4264 heredibus
1113 4189 1205 4263 vohis
1239 4191 1418 4287 vestrisque
1449 4190 1583 4285 posteris
1608 4191 1677 4262 anri
1700 4190 1819 4262 solidos
1843 4187 1957 4283 viginti
1980 4189 2190 4284 hythianteos.

772 4331 804 4385 et
829 4337 865 4385 ec
890 4315 1032 4386 chartula
1057 4329 1093 4390 ut
1116 4341 1213 4412 super
1235 4317 1355 4412 iegitur
1378 4318 1420 4389 sit
1443 4317 1535 4390 firma
1558 4321 1675 4412 scripta
1698 4339 1757 4412 per
1782 4339 1894 4388 maurus
1918 4315 2014 4409 sergii
2035 4315 2184 4387 tabularii

770 4463 830 4535 per
852 4449 1031 4510 memorata
1053 4437 1165 4510 octaba
1197 4439 1372 4512 indictione
1395 4439 1426 4536 †
1450 4440 1513 4513 hoc
1537 4443 1664 4534 signum
1688 4438 1719 4533 †
1742 4463 1856 4512 manus
1880 4449 2054 4512 memorato
2078 4439 2185 4511 ricino

769 4573 825 4663 qui
851 4571 1035 4668 nominatur
1058 4593 1171 4644 mser
1198 4572 1329 4668 signum
1346 4571 1373 4667 *l
1406 4595 1520 4646 munus
1544 4551 1724 4644 memorato
1746 4571 1898 4667 gregorio
1921 4569 1979 4667 qui
2002 4569 2186 4644 nominatur

771 4692 963 4786 capuburria
987 4695 1132 4790 cognatis
1155 4697 1242 4790 quod
1266 4717 1330 4790 ego
1353 4701 1413 4790 pro
1437 4695 1483 4768 eis
1505 4693 1676 4788 subscripsi
1700 4693 1729 4787 †

866 4822 896 4915 †
920 4821 992 4914 Ego
1010 4825 1172 4896 iohannes
1195 4825 1354 4896 Cerialis:
1382 4825 1472 4896 testis
1495 4822 1668 4918 subscripsi
1691 4821 1722 4920 †
1777 4801 1779 4804 ¹

865 4946 896 5040 †
919 4953 1008 5022 uro
1032 4955 1232 5023 uerrere
1255 4957 1429 5026 neuere
1452 4963 1515 5028 nu
1537 4961 1672 5029 enom
1694 4961 1817 5028 ruem
1840 4923 1980 5027 coifi·
