4940 6518
888 557 899 653 (
929 567 969 630 1³
995 556 1008 654 )

332 709 440 808 †ego
452 715 563 808 petrns
579 709 753 806 primarius
769 713 860 785 curie
876 713 950 786 nius
965 713 1104 785 civitatis
1119 709 1262 807 neapolis
1274 710 1336 784 heo
1347 711 1537 808 esemplaria
1551 713 1661 785 eharta

239 838 429 916 venditionis
460 838 544 912 sient
570 838 717 931 superius
745 838 865 932 legitur
889 861 988 934 qnam
1010 839 1079 912 eius
1103 841 1261 912 autentica
1284 839 1377 912 nohis
1400 840 1488 914 dedit
1511 840 1662 913 dominns

239 969 392 1041 iohannes
415 965 609 1040 nenmabilis
633 965 730 1038 anne
752 964 838 1036 filius
864 987 946 1036 rone
968 968 1127 1040 memorie
1159 969 1282 1041 domini
1314 969 1485 1065 guaimarii
1508 969 1662 1063 principis

240 1094 424 1166 salernitani
450 1113 513 1186 pro
536 1091 596 1162 ista
620 1090 816 1185 exemplaria
839 1090 982 1161 iacienda
1006 1105 1039 1162 at
1061 1103 1240 1166 memorato
1263 1097 1457 1172 monasterio
1479 1097 1580 1169 sancti
1603 1119 1662 1170 ae-

240 1219 376 1290 raetiani
399 1218 499 1288 sitrnn
522 1215 558 1287 in
580 1213 751 1286 hiridiario
773 1237 816 1284 ex
839 1214 908 1308 ipsa
930 1214 1112 1285 authentica
1136 1215 1277 1288 relebata
1298 1227 1331 1288 et
1351 1244 1370 1290 a
1387 1219 1521 1314 singnis
1543 1220 1662 1296 relecta
1769 1235 1774 1244 '

238 1369 300 1440 pro
322 1345 480 1450 ampliore
503 1343 572 1418 eins
596 1343 747 1416 firmitate
770 1350 885 1414 mortus
907 1351 1016 1412 nostra
1040 1344 1170 1434 propria
1193 1343 1374 1438 subscripsi.
1399 1347 1574 1438 imperante
1597 1349 1663 1418 do-

239 1479 333 1549 mino
356 1483 474 1546 nostro
504 1471 611 1544 alexio
643 1491 760 1564 magno
793 1470 986 1564 imperatore
1019 1465 1105 1539 aimo
1136 1471 1343 1542 duodecimo.
1375 1473 1431 1543 sed
1462 1485 1495 1545 et
1527 1463 1675 1548 iohanne

240 1605 467 1702 porilogenito
497 1600 567 1674 eins
598 1598 667 1672 tilio
697 1599 816 1692 magno
847 1597 1042 1694 imperatore
1076 1617 1159 1668 anno
1189 1595 1319 1690 primo:
1351 1597 1402 1670 die
1425 1601 1662 1676 oetabadeeima

241 1737 361 1810 meraris
386 1732 480 1830 aprili
504 1727 677 1802 indictione
699 1726 852 1823 prima†

336 1859 367 1954 †
391 1879 453 1949 ego
476 1851 648 1946 stephanus
670 1851 846 1924 mundns
869 1849 960 1922 curie
984 1851 1059 1922 nius
1074 1851 1213 1924 civitatis
1227 1851 1371 1946 neapolis
1386 1853 1447 1926 hee
1463 1856 1661 1951 exemplaria

239 1988 352 2059 charta
379 1978 574 2056 venditionis
606 1980 690 2052 sient
712 1973 859 2072 superins
883 1976 1002 2072 legitur
1025 1999 1125 2073 quam
1149 1981 1220 2050 eius
1244 1979 1427 2053 authentica
1450 1983 1543 2054 nobis
1565 1985 1660 2056 dedi:

243 2101 395 2184 dominas
429 2102 584 2178 iohannes
606 2099 798 2176 venerabilis
821 2098 918 2172 abbas
940 2099 1028 2172 filins
1051 2120 1136 2172 rone
1159 2101 1316 2173 memorie
1339 2103 1464 2175 domini
1486 2105 1661 2198 guaimarii

239 2236 396 2332 principis
423 2229 618 2306 salernitani.
649 2251 711 2324 pro
734 2229 795 2300 ista
818 2225 1014 2340 exemplaria
1036 2226 1183 2300 iacienda
1207 2237 1240 2298 at
1261 2239 1442 2301 memorato
1465 2233 1660 2304 monasterio

240 2363 345 2433 saneti
367 2357 544 2432 sebastiani.
568 2356 667 2427 sitnm
690 2351 725 2424 in
747 2349 927 2422 biridiario.
960 2373 1001 2421 ex
1024 2349 1093 2444 ipsa
1116 2349 1299 2424 anthentica
1321 2351 1461 2426 relebata
1484 2363 1518 2426 et
1541 2377 1559 2424 a
1587 2355 1662 2426 sin-

246 2487 336 2581 gulis
368 2485 484 2556 relecta
518 2503 579 2577 pro
602 2477 759 2573 ampliore
781 2477 852 2548 eins
875 2475 1025 2546 firmitate
1048 2498 1164 2549 manns
1184 2485 1294 2548 nostra
1316 2479 1448 2572 propria
1471 2478 1659 2572 suinteripsi.¹
1702 2552 1705 2560 Ι

245 2619 425 2708 imperante
447 2611 579 2684 domino
600 2617 711 2681 nostro
734 2604 840 2678 alexio
862 2623 984 2696 magno
1006 2601 1202 2696 imperatore
1224 2625 1310 2676 anno
1333 2603 1535 2677 duodecime.
1558 2609 1613 2678 red
1629 2617 1662 2680 οι

246 2741 393 2814 iohanne·
411 2737 637 2834 porniogeaiao
661 2735 731 2806 eins
754 2731 821 2803 ono
844 2751 964 2825 magno
987 2730 1182 2822 imperatore
1216 2753 1302 2807 anno
1330 2719 1454 2828 primo.
1479 2731 1532 2806 die
1564 2743 1659 2806 oeta.

243 2867 408 2974 badeeima
431 2866 550 2942 mensis
572 2861 690 2966 aprelis
713 2857 887 2934 indictione
910 2855 1080 2955 prima†
