4882 6534
900 658 913 754 (
937 665 1009 733 ees.
1028 662 1052 755 p

260 817 485 894 iudicaberunt
508 817 585 912 ipsis
610 815 731 890 iudices
754 823 791 886 ut
813 815 933 889 ibidem
956 824 1055 890 staret
1078 827 1111 888 et
1134 818 1303 892 aberamus
1326 817 1397 895 illos
1421 823 1523 898 donec
1540 827 1678 902 intrare·

262 948 391 1019 dareris
424 947 463 1016 da
496 943 594 1037 pedes
627 943 711 1036 ipsas
733 942 840 1014 furcas
870 952 903 1012 et
931 935 1003 1036 piris
1020 943 1190 1038 -lignamen
1213 919 1333 1018 ibidem
1357 969 1478 1040 ponere
1502 962 1559 1024 aut
1582 957 1678 1029 abere

261 1092 321 1140 nec
349 1078 476 1142 mutare
499 1088 564 1137 non
589 1063 785 1138 debeamus:
819 1073 955 1160 excepto
986 1067 1071 1160 ipses
1094 1069 1153 1162 qui
1176 1067 1274 1140 modo
1297 1068 1418 1144 ibidem
1443 1087 1540 1149 sunta
1566 1090 1598 1150 et
1621 1083 1678 1153 ubi

261 1195 346 1286 ipsas
370 1195 475 1263 furcas
507 1192 548 1262 da
581 1189 678 1284 pedes
701 1189 947 1264 intrecedareris
978 1201 1057 1266 tune
1088 1191 1160 1262 iilos
1184 1192 1300 1266 exinde
1325 1195 1438 1267 toid'ere
1461 1209 1494 1270 et
1517 1201 1678 1277 destruere

263 1317 437 1390 debeamus
460 1325 498 1386 ut
520 1337 618 1408 super
640 1315 747 1410 ipsum
772 1316 916 1390 anditum
948 1318 1118 1389 eomrmaie
1149 1319 1290 1394 nullum·
1309 1321 1472 1397 edificium
1495 1327 1600 1398 iacere
1624 1338 1680 1400 aut
1786 1367 1790 1379 ·
1824 1376 1827 1384 ·

263 1439 358 1512 abere
378 1459 447 1509 non
463 1437 636 1511 debeam
661 1459 720 1529 per
743 1439 871 1512 nullum
895 1439 1048 1512 modum:
1073 1439 1189 1514 deinde
1210 1451 1245 1513 et
1258 1466 1330 1515 nos
1350 1469 1409 1540 per
1425 1469 1485 1518 ene
1500 1445 1678 1522 chartulam

261 1574 295 1634 et
310 1586 371 1658 pro
395 1564 511 1636 eodem
533 1563 691 1636 iudicium
714 1563 969 1656 repromittimus
984 1571 1018 1632 et
1032 1562 1199 1634 firmamus
1213 1565 1307 1637 vobis
1322 1575 1355 1637 et
1369 1567 1405 1637 in
1426 1580 1605 1642 memorato
1620 1596 1678 1642 ve-

261 1700 330 1761 stro
354 1691 550 1762 monasterio
573 1699 610 1762 ut
633 1689 757 1764 ibidem
781 1690 933 1762 meamus
955 1689 1029 1760 iilos
1053 1691 1172 1761 amodo
1195 1701 1228 1760 et
1251 1715 1354 1786 usque
1377 1696 1467 1785 quod
1490 1698 1559 1788 ipse
1583 1697 1676 1770 ambe

260 1815 367 1885 fureas
399 1815 458 1907 qui
490 1814 589 1886 modo
620 1813 740 1887 ibidem
764 1815 868 1908 posite
890 1821 965 1887 sunt
989 1811 1236 1884 inbaeedaveris
1259 1815 1301 1886 du
1324 1815 1462 1907 pedem=
1497 1827 1529 1887 et
1553 1819 1611 1888 ubi
1636 1819 1678 1889 da

260 1939 378 2031 pedem
401 1939 649 2014 neocesareae
673 1951 751 2014 tuno
773 1963 833 2014 nos
856 1949 889 2013 et
911 1940 1084 2014 heredibus
1108 1941 1226 2012 uostris
1257 1940 1332 2013 illos
1363 1943 1480 2016 exinde
1513 1944 1679 2018 destruere

232 2112 234 2114 -
261 2074 293 2136 et
317 2066 521 2162 dirrumpere
549 2069 722 2140 debeamus
745 2077 782 2137 ut
803 2067 931 2138 nullum
954 2066 1117 2138 edificium
1140 2071 1245 2139 iacere
1270 2077 1325 2140 aut
1349 2068 1443 2140 abere
1467 2093 1533 2143 non
1557 2073 1679 2143 debea-

259 2210 333 2260 mus
356 2211 453 2281 super
472 2191 580 2280 ipsum
603 2187 752 2260 anditum
774 2187 943 2258 comunale
967 2210 1025 2280 per
1054 2189 1182 2261 nullum
1209 2189 1364 2261 modum:
1394 2215 1453 2264 nec
1481 2193 1553 2285 plus
1568 2195 1680 2289 ligna-

259 2332 336 2382 men
367 2310 487 2382 ibidem
519 2331 642 2400 ponere
676 2317 733 2378 aut
762 2317 888 2377 mutans
916 2329 982 2378 non
1005 2309 1178 2382 debeamus
1204 2332 1263 2404 per
1286 2309 1414 2382 nulium
1441 2315 1600 2386 modum:
1630 2325 1681 2386 set

261 2435 317 2504 ille
341 2435 456 2526 grades
480 2430 597 2500 fravito
624 2437 732 2498 nostre
761 2432 819 2520 qui
851 2428 1026 2500 escendunt
1057 2432 1094 2498 in
1122 2447 1300 2506 memorata
1330 2438 1466 2512 domum
1489 2450 1599 2512 nostra
1620 2441 1682 2511 siat

261 2560 401 2657 qualiter
424 2556 546 2632 ibidem
568 2555 667 2630 modo
689 2562 785 2626 sunt:
810 2551 931 2646 absque
953 2553 1044 2623 omni
1068 2557 1327 2629 contrarietatem
1342 2572 1470 2630 vestra:
1498 2574 1530 2632 et
1548 2566 1603 2636 ilie
1618 2567 1682 2638 alie

262 2689 369 2757 rurus
384 2685 442 2780 qus
455 2689 575 2755 suntet
588 2687 675 2752 cose
692 2678 761 2773 ipsa
776 2678 910 2750 romum
925 2685 1034 2749 nossa
1049 2686 1081 2750 a
1097 2679 1171 2750 aar
1188 2680 1308 2753 nram
1332 2683 1450 2754 anus
1465 2664 1581 2777 regnes
1597 2691 1684 2761 unu

266 2813 368 2882 currit
402 2831 519 2904 aquam
551 2807 700 2880 celestem
728 2815 761 2876 at
793 2805 850 2876 illa
881 2803 1027 2898 piscbina
1060 2817 1169 2880 nostra
1192 2809 1250 2904 qui
1274 2818 1322 2881 est
1345 2812 1432 2884 intus
1455 2811 1524 2905 ipsa
1548 2813 1685 2886 domum

264 2947 374 3010 nostra
397 2937 491 3010 nobis
514 2935 587 3008 illos
610 2941 760 3006 oontmre
784 2956 851 3004 non
876 2933 1033 3006 debeatis:
1059 2936 1207 3030 quisita
1230 2936 1324 3008 nobis
1348 2937 1489 3032 placuit:
1516 2940 1550 3010 Si
1574 2949 1682 3012 autem

264 3067 357 3136 aliter
381 3065 552 3136 fecerimus
575 3062 615 3134 de
638 3061 690 3132 bis
713 3061 864 3133 omnibus
896 3065 1081 3134 memoratis
1112 3087 1171 3156 per
1202 3065 1319 3157 quobis
1342 3065 1476 3137 modum
1499 3076 1555 3136 aut
1585 3087 1683 3138 sum-

265 3189 378 3265 missas
401 3207 553 3280 personas
578 3193 656 3256 tuno
686 3187 911 3279 componimus
937 3207 1003 3261 nos.
1023 3194 1057 3257 et
1080 3187 1213 3258 heredes
1241 3188 1358 3258 nostris
1381 3187 1474 3260 robis
1499 3189 1684 3284 vestrisque

265 3315 401 3409 posteris
424 3312 497 3384 euri
520 3311 641 3386 solidos
665 3312 837 3386 duodecim
862 3313 1065 3407 bytbianteos
1088 3325 1121 3384 et
1144 3314 1204 3386 beo
1228 3314 1372 3386 chartula
1396 3315 1618 3408 promissionis
1645 3322 1683 3384 ut

264 3461 362 3534 super
384 3439 503 3532 legitur
526 3438 568 3510 sit
591 3437 686 3512 firma
710 3439 826 3532 scripta
844 3461 904 3532 per
919 3460 1034 3512 munus
1049 3439 1147 3533 sergii
1161 3439 1310 3532 primarii
1324 3463 1383 3534 per
1397 3447 1574 3512 memorata
1590 3445 1685 3510 sexta

264 3563 438 3638 indictione
461 3563 492 3658 †
516 3562 581 3632 boc
604 3563 733 3654 signum
756 3560 789 3655 †
812 3585 925 3636 manus
949 3571 1142 3648 memoratas
1164 3585 1316 3656 personas
1346 3564 1442 3660 quod,
1459 3587 1521 3660 ego
1549 3587 1610 3660 pro
1634 3565 1683 3635 eis

265 3689 437 3781 subscripsi
461 3687 493 3782 †
597 3699 600 3706 '
759 3677 762 3682 ’

357 3813 474 3907 †ego
496 3833 591 3886 ursus
615 3813 701 3886 filius
724 3812 849 3886 domini
873 3815 1022 3888 iobanuis
1045 3817 1119 3889 testi
1142 3815 1363 3911 subscripsi†

359 3939 390 4032 †
413 3959 476 4032 ego
499 3937 551 4008 leo
574 3937 659 4008 filius
684 3938 809 4010 domini
832 3938 981 4010 iohannis
1005 3941 1079 4010 testi
1102 3940 1276 4031 subscripsi
1299 3941 1330 4032 †

359 4062 390 4158 †
414 4083 477 4154 ego
500 4059 655 4132 iohannes
679 4059 766 4131 filius
791 4058 914 4130 domini
938 4057 1082 4149 gregorii
1106 4058 1179 4128 testi
1202 4060 1421 4155 subscripsi†

360 4186 485 4282 †Ego
519 4182 644 4277 sergius
677 4181 851 4276 primarius
881 4177 1048 4270 Complevi
1080 4189 1113 4250 et
1144 4181 1268 4252 absolvi
1300 4205 1358 4274 per
1384 4191 1560 4256 memorata
1595 4195 1687 4260 sexta

267 4312 441 4388 indictione
465 4307 496 4404 †
