4896 6522
628 639 633 647 .
890 553 903 650 (
926 564 969 628 ⁹⁷
994 557 1007 652 i

235 707 371 783 notabili
396 715 503 784 vestro
526 709 722 787 monastario
746 712 865 788 exinde
891 717 1142 808 mponsaieunr
1166 719 1243 812 dare
1264 727 1297 792 et
1313 720 1463 794 atduoere
1478 723 1650 798 debeamus

234 853 293 928 per
315 833 484 910 testivitate
507 847 614 912 uncta
636 837 738 912 mune
761 837 802 915 du
826 852 964 934 augusto
987 865 1097 919 mente
1120 844 1203 918 idest
1224 845 1368 918 niueum
1391 864 1512 920 vonum
1530 869 1652 920 nonunt

235 959 341 1032 modin
368 961 482 1060 viginti
505 970 645 1036 truetunn
666 971 815 1058 paramur
838 987 942 1060 usquo
964 968 1051 1040 intus
1074 980 1253 1045 memorato
1276 981 1387 1044 moto
1419 982 1451 1044 et
1473 973 1651 1059 venerabili

236 1095 344 1159 vestro
366 1089 563 1160 monasterio
591 1101 811 1164 mensuratum
835 1101 868 1162 nt
890 1093 1037 1166 modium
1062 1095 1184 1168 iustum
1208 1096 1248 1170 de
1263 1098 1506 1172 comedendum.
1531 1100 1650 1171 iterum

235 1220 268 1282 et
290 1231 367 1286 enm
390 1213 498 1305 ipsum
521 1211 668 1286 triticum
690 1212 783 1284 vobis
814 1237 873 1309 per
902 1217 992 1286 omni
1015 1239 1124 1289 annuo
1147 1218 1223 1290 dare
1247 1229 1279 1289 et
1308 1221 1457 1293 atdueere
1481 1221 1651 1296 debeamus

236 1358 340 1410 unum
362 1337 492 1432 parium
515 1335 557 1406 de
580 1335 660 1430 pulli
677 1335 804 1408 matrici
819 1337 888 1408 sine
903 1339 993 1410 omni
1017 1341 1266 1414 amaricatione:
1292 1341 1424 1436 insuper
1441 1353 1473 1414 et
1490 1366 1548 1438 per
1563 1347 1652 1417 omni

238 1479 349 1532 annuo
371 1481 431 1530 vos
454 1467 486 1528 et
507 1458 645 1550 posteris
667 1457 782 1528 vestris
795 1457 967 1530 'liuentinm
990 1469 1022 1527 et
1045 1470 1235 1552 potestatem
1258 1459 1378 1532 abeatis
1402 1461 1437 1532 in
1460 1485 1530 1534 oua
1546 1475 1653 1534 nostra

237 1587 440 1660 seubullicure
467 1593 500 1656 et
533 1605 596 1676 ego
627 1589 660 1652 et
693 1582 833 1678 propriis
865 1583 947 1655 meis
980 1581 1152 1655 heredibus
1184 1585 1276 1656 vobis
1308 1609 1411 1682 usque
1444 1597 1476 1657 st
1507 1590 1654 1687 quinque

238 1735 391 1808 personas
413 1721 446 1785 et
469 1719 501 1782 nt
523 1711 661 1784 cabades
685 1719 808 1784 vetros
839 1709 1034 1785 manducare
1064 1721 1101 1804 et¹
1126 1709 1236 1782 birere
1264 1711 1340 1783 dare
1363 1713 1538 1786 debeamus
1563 1739 1654 1810 qno·-

239 1841 340 1914 modo
372 1843 495 1916 iustum
526 1842 649 1914 tueris:
687 1849 720 1912 et
750 1839 778 1911 si
809 1835 1117 1936 prevarienberimus
1146 1849 1322 1911 memorata
1354 1839 1525 1912 festivitate
1549 1855 1654 1916 sancte

238 1964 340 2038 marie
363 1975 396 2036 et
419 1988 485 2038 non
509 1965 730 2040 atduxerimus
745 1964 838 2038 robis
852 1975 1065 2038 memoratum
1081 1965 1244 2058 integrum
1260 1965 1512 2058 responsatieum
1529 1977 1562 2039 et
1578 1968 1655 2040 illue

239 2089 391 2164 dirretit'n
407 2098 465 2164 aut
480 2089 632 2163 veneritis
647 2099 681 2161 at
695 2088 932 2184 pignorandum
955 2089 1117 2160 licentiam
1135 2097 1168 2158 et
1182 2097 1372 2182 potestatem
1396 2091 1515 2164 abeatis
1531 2095 1567 2164 in
1582 2117 1654 2166 oasa

240 2227 348 2290 nosue
372 2217 576 2290 scnbellioaro
600 2225 633 2290 et
656 2237 715 2290 nos
739 2217 910 2312 pignorum
941 2215 999 2289 ubi
1030 2215 1198 2290 volueritis
1226 2225 1259 2289 et
1283 2239 1342 2286 nos
1365 2217 1457 2290 vobis
1480 2228 1513 2288 et
1538 2229 1570 2288 ut
1593 2243 1655 2291 oa-

167 2321 168 2325 *
239 2327 340 2414 ualus'
355 2343 471 2423 restris
493 2345 685 2418 manducare
708 2349 742 2413 et
764 2342 875 2415 vibere
899 2343 975 2414 dare
998 2343 1189 2418 debeamus:
1215 2345 1299 2417 siout
1322 2345 1444 2418 iustum
1475 2348 1594 2421 tueris:
1622 2359 1655 2419 et

240 2491 309 2540 non
334 2467 453 2541 abeatis
475 2469 637 2542 licentiam
661 2491 719 2544 ros
743 2477 799 2540 aut
821 2468 957 2562 posteris
988 2469 1103 2538 vestris
1134 2477 1167 2538 et
1196 2479 1376 2541 memorato
1406 2481 1516 2542 saneto
1546 2483 1655 2544 restro

242 2591 439 2662 monasterio
462 2591 542 2662 mihi
565 2594 710 2690 meisque
733 2591 872 2688 propriis
897 2588 1070 2662 heredibus
1089 2587 1160 2657 iilos
1174 2587 1288 2696 tollere
1303 2611 1361 2681 per
1376 2589 1504 2661 nullum
1520 2594 1653 2666 modum

241 2744 302 2793 nee
324 2743 385 2815 per
408 2720 585 2796 summissis
607 2721 774 2818 persons:
805 2743 888 2793 vene
911 2738 974 2812 ego
998 2725 1031 2789 et
1053 2714 1192 2812 propriis
1214 2713 1297 2786 meis
1319 2713 1492 2787 heredibus
1521 2716 1578 2788 ilia
1602 2719 1656 2788 la-

241 2865 393 2930 vorantes
416 2865 449 2926 et
472 2853 670 2942 arbrntantes
694 2862 727 2922 et
749 2848 838 2922 omni
862 2869 968 2918 annue
991 2845 1172 2940 pergiantes
1187 2851 1220 2914 et
1235 2840 1343 2912 omnia
1367 2853 1543 2914 memorata
1561 2848 1656 2917 atim-

241 2981 364 3075 pIentes
385 2988 425 3053 ut
447 3000 551 3072 super.
569 2975 689 3070 legitur
712 2982 745 3044 et
768 2995 828 3044 neo
850 2993 912 3065 eqo
936 2979 968 3040 et
982 2965 1121 3061 propriis
1137 2965 1218 3036 meis
1237 2962 1408 3036 heredibus
1423 2988 1489 3036 non
1504 2966 1656 3038 abeamus

241 3105 405 3179 licentium
428 3101 485 3172 illa
508 3100 621 3170 oedero
644 3103 700 3166 aut
723 3093 863 3166 rendere
886 3089 940 3162 vel
962 3087 1149 3160 infiduciare
1173 3095 1229 3159 aut
1256 3085 1428 3182 subiugare
1452 3087 1503 3160 vel
1527 3091 1656 3162 offerire

244 3239 302 3300 aut
323 3229 359 3296 in
381 3224 500 3318 pignus
522 3242 703 3314 supponere
726 3241 784 3310 per
807 3215 934 3288 nullum
957 3213 1108 3286 modum:
1136 3223 1167 3287 et
1191 3213 1271 3285 duur
1288 3237 1349 3310 ego
1367 3225 1399 3287 et
1421 3215 1561 3310 propriis
1577 3216 1657 3288 meis

244 3349 419 3424 heredibus
442 3347 477 3418 in
499 3367 539 3418 oe
561 3343 682 3440 placito
713 3343 768 3414 illa
799 3341 998 3414 tenuerimus
1031 3363 1090 3412 vos
1118 3347 1151 3411 et
1173 3339 1310 3434 posteris
1343 3341 1458 3412 restris
1486 3339 1579 3414 nobis
1602 3339 1658 3414 ilia

244 3473 414 3550 defendere
436 3469 601 3540 debentis:
632 3475 741 3560 preter
764 3467 792 3537 si
815 3489 875 3560 per
898 3465 983 3535 elara
1006 3467 1088 3534 iaetu
1111 3465 1245 3536 veritate
1276 3463 1407 3558 ah'quod
1438 3465 1556 3538 exinde
1585 3489 1659 3560 pur·

245 3594 423 3672 diderimus
446 3611 506 3684 per
528 3586 717 3658 ratiocinans
741 3587 782 3658 do
804 3591 1023 3657 memoratum
1045 3585 1300 3678 responsatieunu
1315 3585 1409 3658 nobis
1429 3585 1537 3660 minus
1554 3590 1658 3664 iuuere

244 3718 408 3792 debeatis:
440 3725 474 3786 et
495 3711 689 3810 quandoque
714 3733 775 3806 ego
799 3721 832 3784 et
855 3710 995 3806 propriis
1019 3713 1101 3786 meis
1124 3710 1297 3785 heredibus
1328 3713 1383 3784 iila
1409 3713 1658 3788 habrennntiare

241 3849 443 3926 voluerimus
465 3843 627 3918 licentiam
654 3851 687 3912 et
710 3849 900 3938 potestatem
922 3840 1075 3914 beamus
1098 3839 1192 3913 vobis
1215 3844 1393 3936 vestrisque
1416 3845 1552 3936 posteris
1575 3856 1607 3918 et
1622 3848 1656 3917 in

241 3981 422 4046 memorato
446 3977 553 4039 restro
577 3963 774 4035 monasterio
796 3961 852 4034 illa
875 3961 1103 4033 abrenuntiare
1130 3984 1215 4033 rona
1246 3961 1407 4034 arbusteis
1430 3971 1463 4034 et
1489 3965 1588 4035 vitatu
1611 3967 1660 4036 ii-

242 4119 362 4174 verum
384 4096 481 4168 sicuti
505 4094 603 4166 modu
626 4090 721 4164 nohis
752 4089 825 4161 illut
847 4089 987 4162 livorum
1019 4087 1169 4160 dedistis:
1206 4087 1284 4184 quia
1317 4089 1362 4160 ita
1394 4087 1487 4160 nobis
1510 4091 1656 4184 placuit:

241 4225 282 4298 Si
306 4230 413 4294 autem
444 4217 535 4288 ahter
566 4217 736 4286 iooerimns
768 4213 809 4286 de
839 4211 890 4282 his
914 4211 1064 4284 omnibus
1090 4204 1276 4283 memoratis
1299 4230 1358 4306 per
1381 4211 1499 4308 quobis
1523 4213 1657 4287 modum

242 4344 503 4432 antsummissis
525 4341 669 4438 personis
692 4323 769 4408 turio
792 4357 954 4430 compono
977 4361 1039 4433 eqo
1063 4349 1096 4410 et
1119 4339 1259 4434 propriis
1278 4339 1360 4414 meis
1375 4337 1549 4414 heredibus
1564 4343 1656 4416 robis

146 4545 151 4556 ,
190 4460 192 4468 1
240 4475 424 4570 seruisque
447 4469 585 4568 posteris
605 4465 674 4544 anri
699 4463 818 4536 solidos
843 4461 959 4558 viginti
981 4463 1184 4560 bythianteos
1208 4475 1240 4536 et
1264 4489 1302 4536 eo
1335 4465 1481 4538 chartula
1505 4477 1543 4538 ut
1565 4490 1662 4561 super
1780 4535 1784 4546 .

242 4601 365 4696 legitur
385 4599 429 4671 sit
444 4595 537 4668 firma
552 4592 670 4686 scripto
685 4611 744 4686 per
758 4612 875 4662 munus
890 4588 987 4688 sergii
1001 4587 1150 4660 tahrdarii
1166 4611 1224 4684 per
1239 4601 1417 4661 memorata
1439 4589 1614 4663 indictione
1629 4590 1660 4684 †

243 4727 308 4798 hoe
331 4725 461 4820 signum
484 4723 517 4820 †
540 4741 654 4796 munus
677 4727 855 4790 memorato
878 4716 1058 4813 grimoaldo
1082 4717 1170 4815 qnod
1193 4737 1256 4809 ego
1272 4739 1331 4812 par
1345 4737 1421 4788 eum
1438 4715 1659 4816 subscripsi†

341 4849 458 4945 †ego
480 4843 652 4940 gregorius
674 4842 762 4914 iilius
785 4841 908 4914 domini
932 4841 1032 4938 sergii
1054 4841 1126 4912 testi
1152 4841 1326 4935 anuotpai
1351 4839 1382 4936 †

352 4975 417 5046 Vni.
442 4973 500 5044 tr.
715 5037 717 5044 Α
1264 4977 1306 5040 tt
