4888 6528
852 549 993 647 (ιιι)

217 737 295 796 rum
317 708 536 808 omnibusque
558 709 607 789 sis
629 708 895 808 munuum:
927 717 961 786 ot
982 707 1116 806 uoueret
1139 716 1174 784 st
1195 719 1413 786 memoratum
1437 714 1572 788 fundum
1598 719 1638 790 ab

221 861 287 921 uno
327 838 427 917 here
460 837 552 931 purte
586 832 816 932 septentrionis
847 841 896 906 ost
926 831 1069 909 clusuris
1108 833 1149 908 de
1180 833 1315 930 quidem
1346 835 1492 910 thodoti
1526 836 1640 910 retiotu

219 959 1483 1064 pumuntummseemensosounmesmsumuuumu
1515 964 1555 1036 de
1585 987 1640 1038 oe·

220 1117 329 1190 purus
350 1101 384 1174 ot
404 1092 448 1172 se
471 1088 538 1170 ste
567 1086 669 1165 uteo
699 1095 793 1180 porto
811 1085 993 1162 merium
1020 1083 1157 1160 medum
1183 1105 1322 1160 mmnne
1344 1087 1492 1160 noem
1517 1109 1576 1164 seu
1607 1102 1642 1164 st

221 1215 262 1288 de
287 1213 423 1309 quidem
446 1219 541 1306 petro
563 1231 721 1304 germano
742 1217 776 1282 st
798 1207 870 1284 thio
892 1215 1004 1284 nostro
1025 1215 1060 1285 ot
1083 1209 1125 1282 de
1149 1208 1284 1282 neone
1309 1210 1475 1305 quondm
1506 1211 1641 1288 numi

222 1334 371 1432 germani
394 1343 427 1408 et
448 1331 638 1408 thiiuostri
659 1329 756 1404 riensi
778 1331 864 1408 ieter
887 1354 923 1404 so
945 1331 1098 1407 sennim
1121 1333 1272 1414 nfinedr
1305 1343 1341 1406 et
1368 1335 1410 1408 de
1444 1357 1513 1408 uuo
1536 1336 1640 1433 eapite

223 1469 316 1554 parte
340 1456 477 1528 orientis
500 1461 556 1538 est
571 1463 789 1536 memoratum
811 1451 951 1526 mama
974 1451 1015 1528 tis
1038 1453 1100 1546 ipsi
1119 1454 1248 1526 sumu
1272 1455 1312 1528 do
1335 1477 1500 1552 meus:
1525 1480 1585 1532 seu
1608 1471 1642 1534 et
1758 1544 1763 1554 ,

225 1582 366 1656 muenia
388 1577 522 1680 proprie
544 1598 587 1646 ex
608 1575 719 1670 ipsum
743 1571 882 1658 undum
904 1574 1037 1652 insimul
1060 1597 1125 1670 qne
1139 1578 1233 1650 nobie
1248 1582 1436 1654 eomutest's
1459 1581 1556 1656 sicuti
1572 1585 1641 1678 ipsa

225 1710 370 1782 curreris
388 1730 455 1802 que
477 1704 573 1781 uobis
595 1702 716 1781 iterum
731 1703 919 1785 seuerum
934 1725 994 1798 per
1007 1702 1161 1778 terminos
1175 1713 1368 1800 orvegun
1382 1717 1451 1778 est:
1479 1717 1544 1782 etu
1563 1711 1643 1782 toris

225 1837 296 1930 ipsu
319 1833 460 1908 cumeris
484 1856 549 1930 que
571 1832 666 1905 nobis
688 1831 925 1904 eomntestisin
941 1837 1118 1902 memoratu
1142 1831 1354 1904 meridianam
1377 1841 1502 1927 portem
1522 1845 1555 1910 ot
1579 1839 1644 1908 trs·

154 1951 160 1960 ¹
225 1961 325 2034 sends
349 1983 490 2032 comune
513 1969 622 2034 nostre
645 1957 741 2030 etde
765 1965 947 2029 memorato
970 1979 1124 2051 germano
1147 1965 1180 2029 et
1203 1957 1244 2030 (le
1267 1959 1329 2054 ipsi
1352 1961 1487 2034 heredes
1520 1984 1644 2036 memo·
1787 2009 1793 2017 ·

224 2088 305 2160 rutis
327 2085 404 2160 thiis
426 2086 564 2159 nostris:
587 2094 621 2157 et
643 2085 684 2158 de
708 2082 775 2156 elio
797 2082 904 2179 espite
926 2090 1018 2177 porto
1041 2081 1217 2156 occidentis
1232 2086 1370 2163 fundum
1386 2096 1534 2161 nostrum
1557 2101 1590 2162 et
1609 2091 1644 2162 iu

227 2219 430 2315 aliquantum
458 2213 596 2294 fundum
628 2215 806 2316 memorati!
827 2212 912 2308 petri
936 2210 1081 2307 germani
1105 2219 1138 2286 et
1160 2209 1222 2284 thii
1244 2213 1349 2286 nostri
1372 2215 1468 2286 sicuti
1491 2217 1577 2289 inter
1610 2239 1645 2290 se

227 2345 315 2442 sepis
337 2341 482 2418 extinud:
506 2351 541 2414 et
564 2349 598 2410 et
619 2347 799 2410 memorate
820 2340 909 2433 petia
931 2339 973 2412 sle
994 2345 1172 2410 memoratu
1187 2346 1274 2412 terre
1290 2341 1423 2414 oohoret
1438 2341 1501 2414 sibi
1515 2342 1556 2416 de
1577 2365 1645 2420 uuo

226 2468 329 2540 lutere
351 2473 442 2560 perte
465 2463 599 2535 orientis
621 2469 708 2534 terre
739 2457 875 2532 herenee
908 2459 1072 2554 quondum
1096 2459 1229 2532 iohanni
1252 2464 1400 2557 neupigii
1422 2485 1481 2538 seu
1504 2473 1538 2538 et
1560 2473 1647 2540 terre

230 2593 408 2668 memorati
433 2591 517 2688 putri
542 2590 688 2686 germani
712 2595 746 2662 et
767 2587 829 2660 thii
853 2585 976 2660 nostri:
1001 2595 1035 2658 et
1056 2587 1106 2660 in·
1116 2586 1318 2684 aliquantum
1340 2597 1427 2662 ternu
1449 2587 1580 2664 nostre:
1615 2607 1648 2666 et

229 2723 273 2794 de
297 2721 362 2794 elio
385 2721 486 2794 lutere
506 2725 600 2815 purte
622 2716 797 2792 occidentis
820 2723 906 2788 torre
928 2715 970 2790 de
993 2714 1089 2788 illum
1111 2715 1334 2811 pentinetumz
1361 2717 1458 2792 etde
1490 2741 1559 2792 uno
1587 2741 1649 2792 ou-

227 2846 297 2942 pite
319 2853 411 2941 purte
433 2842 671 2938 septemtrionis
695 2851 782 2913 terra
805 2841 845 2912 de
868 2839 962 2910 illum
986 2839 1187 2912 bulturumr
1222 2849 1255 2912 et
1278 2837 1318 2914 de
1342 2841 1407 2914 elio
1429 2841 1535 2937 cupite
1558 2855 1649 2940 perte

229 2969 412 3043 meritisne
434 2979 522 3044 terre
544 2965 670 3040 domini
693 2963 827 3036 iohanni
851 2963 918 3036 titio
941 2962 1105 3058 quondam
1129 2963 1253 3035 domini
1272 2963 1388 3036 marini
1404 2966 1568 3040 munem:
1590 2991 1649 3042 sen

153 3083 158 3088 ’
223 3101 266 3194 et
288 3101 376 3164 muru
399 3091 535 3164 heredes
557 3087 721 3185 quondm
745 3085 869 3156 domini
892 3083 1039 3179 stephani
1065 3083 1135 3156 titio
1157 3085 1326 3180 quondam
1349 3085 1474 3160 domini
1502 3090 1649 3185 gregorii

221 3215 375 3300 millusi:
401 3235 566 3310 quumque
590 3223 623 3285 ot
647 3221 732 3284 terre
757 3209 798 3282 de
817 3207 913 3282 illum
930 3208 1155 3284 mebredetum
1170 3211 1212 3284 do
1228 3220 1320 3306 porte
1334 3210 1442 3286 nobe:
1466 3213 1509 3286 de
1531 3213 1651 3310 quibus

230 3339 319 3414 nihil
341 3337 435 3412 vobis
458 3336 579 3412 exinde
602 3333 736 3432 aliquod
759 3333 912 3404 remansit
933 3340 991 3402 sut
1014 3332 1282 3404 reservastisnoc
1305 3333 1340 3408 in
1364 3333 1468 3408 eliens
1491 3335 1652 3432 cuiusque

229 3479 388 3564 personas
411 3466 500 3558 qood
524 3465 608 3534 absit
632 3459 804 3532 eomisistis
828 3467 885 3530 eut
906 3459 973 3532 ium
996 3459 1173 3532 oommittis
1195 3467 1406 3552 potestatem:
1437 3471 1488 3536 sot
1522 3486 1652 3536 annno

228 3605 266 3666 et
289 3593 437 3688 deinceps
460 3615 480 3664 u
503 3589 598 3664 robis
621 3587 715 3660 nobis
743 3588 786 3658 sit
807 3593 1009 3658 eomututnm
1032 3593 1066 3658 ot
1090 3585 1243 3658 traditum
1265 3587 1301 3658 in
1324 3597 1434 3661 nostru
1468 3589 1654 3689 nostrisque

231 3719 405 3794 heredibus
427 3719 493 3792 sint
515 3724 706 3814 potestatem
729 3735 860 3810 queque
883 3710 1001 3786 exinde
1024 3712 1131 3787 faeere
1153 3711 1354 3786 voluerimus
1378 3715 1544 3790 dividendi
1576 3717 1655 3792 illut

204 3874 208 3880 ·
226 3851 318 3922 inter
338 3848 433 3922 nobis
454 3850 490 3920 in
512 3847 658 3944 quintam
681 3853 806 3940 pentem
828 3861 888 3915 nos
903 3841 1092 3913 memoretis
1106 3843 1269 3936 germanis
1285 3851 1318 3915 et
1334 3865 1507 3937 germanas
1530 3845 1651 3919 exinde

228 3977 348 4050 tollere
371 3977 545 4050 dereemus
559 3984 667 4072 portes
682 3973 864 4072 quodtuor:
895 3976 928 4042 et
952 3990 1016 4064 ego
1030 3977 1212 4040 memorato
1227 3968 1385 4063 septeno
1400 3969 1462 4041 slis
1478 3991 1543 4042 une
1558 3979 1650 4066 perte

231 4105 328 4200 quod
351 4111 401 4176 est
423 4104 570 4200 omnim
594 4112 632 4176 ut
655 4101 690 4174 in
714 4096 865 4172 omnibus
888 4095 963 4170 illut
986 4095 1129 4168 continet
1159 4095 1222 4168 ulis
1244 4093 1394 4170 ohsrtuls
1425 4097 1653 4170 comutetionis

228 4237 346 4304 nostre
377 4249 444 4324 que
475 4247 536 4300 ros
565 4224 660 4298 nobis
690 4219 808 4294 exinde
831 4220 951 4292 fecistis
974 4243 1041 4317 epse
1062 4242 1123 4292 nos
1146 4219 1280 4296 ehensos
1302 4220 1383 4318 quin
1404 4221 1449 4296 its
1477 4221 1525 4294 sie
1559 4221 1655 4295 nobis

230 4353 346 4428 stetit:
372 4351 407 4426 Si
431 4357 540 4422 sutem
564 4345 657 4418 utimr
681 4339 851 4416 teoorimus
874 4337 916 4410 do
939 4339 968 4410 is
991 4341 1141 4414 omnihus
1162 4341 1349 4418 memoretis
1370 4363 1430 4440 per
1445 4341 1563 4440 quobis
1577 4365 1657 4415 mo-

232 4483 319 4556 dum
343 4485 400 4552 ent
422 4474 608 4550 summissus
629 4489 782 4570 persone·
816 4475 893 4542 tuno
924 4463 1148 4559 componimus
1176 4489 1238 4543 nos
1269 4479 1304 4544 et
1331 4469 1505 4543 neeman
1540 4471 1658 4542 nostris

231 4603 333 4678 vobis
366 4608 574 4698 posterasque
606 4605 729 4670 vestrm
760 4603 794 4666 et
817 4593 853 4664 in
876 4597 1059 4662 memorato
1082 4597 1193 4664 saneto
1221 4601 1331 4666 restro
1355 4591 1555 4664 monasterio
1588 4592 1659 4664 auri

237 4731 326 4806 libre
348 4751 413 4804 unu
436 4727 646 4827 hpthiunteo:
670 4733 704 4798 et
726 4744 764 4794 ee
787 4717 933 4800 chartule
950 4715 1234 4792 oomutetionisut
1253 4716 1486 4814 supertegitur
1508 4716 1550 4791 sit
1566 4717 1659 4792 firma

243 4853 365 4950 scriptu
386 4871 447 4950 per
469 4869 586 4928 munus
608 4838 741 4921 iohanni
765 4839 978 4948 eurietieper
1001 4845 1317 4942 memetipsam
1340 4839 1564 4936 indictiono†
