4896 6522
1273 583 1277 592 ·
1404 551 1527 650 (n,

975 753 992 770 ι.
1013 755 1087 774 ιη...
1287 769 1332 782 ’,-
1359 769 1375 780 ,
1397 767 1448 780 ,,,
1484 767 1602 778 ..m—...m
1623 765 1634 774 -

1347 885 1350 894 .
1380 807 1547 887 (ΗΕΒ.

597 1074 658 1143 Au
841 1081 874 1176 †
894 1069 1086 1154 innomine
1109 1073 1234 1152 domiai
1255 1071 1310 1146 dei
1330 1070 1501 1146 salvatoris
1522 1069 1627 1144 notui
1648 1065 1746 1146 nea
1768 1067 1891 1150 Christi
1912 1074 2092 1172 lnpme
2106 1077 2173 1154 da·
2220 1181 2226 1190 ι

579 1207 694 1282 1016..
748 1193 836 1282 mino
859 1214 970 1276 nostro
1001 1200 1116 1275 besilio
1148 1217 1271 1293 magno
1293 1197 1492 1294 imperaturo
1515 1187 1602 1268 a'nno
1624 1193 1908 1293 quinquagesimo
1921 1201 2082 1297 septinma
2115 1205 2174 1280 aed

749 1345 783 1405 et
804 1329 1007 1405 constantino
1037 1329 1139 1402 irater
1160 1325 1234 1400 eius
1263 1343 1384 1422 magno
1409 1323 1605 1420 imperatore
1627 1341 1714 1396 enno
1737 1323 2012 1424 quinquagesimo
2027 1335 2171 1424 mg

752 1459 810 1534 Die
825 1457 977 1532 vieeima
990 1457 1095 1552 prime
1111 1454 1231 1528 mensis
1246 1449 1434 1548 septembrii
1447 1447 1624 1524 indictione
1642 1448 1880 1546 quhmdeeime
1902 1452 2078 1548 neapolim:
2096 1454 2174 1528 Ger·

750 1599 821 1658 tum
844 1595 892 1663 est
913 1606 974 1656 nos
996 1581 1188 1677 stephanum
1203 1579 1430 1677 presbyterum
1447 1588 1555 1688 sancte
1570 1575 1774 1674 neapolitano
1786 1578 1919 1653 emlede
1934 1579 2042 1670 fidium
2065 1603 2172 1678 quon·

750 1711 826 1782 dam
858 1708 995 1782 donadei
1026 1707 1126 1802 ipsius
1164 1715 1272 1780 saneto
1303 1703 1506 1800 neapolitano
1530 1703 1666 1777 ecelesia
1689 1724 1752 1800 ego
1775 1711 1883 1776 autem
1908 1725 1972 1800 pro
2003 1702 2079 1780 vite
2098 1728 2171 1782 mea

752 1847 785 1906 et
809 1856 871 1930 pro
893 1836 967 1906 uice
988 1832 1124 1929 quidem
1147 1829 1234 1902 leoni
1256 1830 1367 1924 nepoti
1390 1827 1458 1901 mei
1471 1827 1530 1926 qui
1544 1829 1733 1902 nominatur·
1747 1829 1926 1904 eatontium
1940 1829 2043 1926 ipsine
2064 1842 2171 1907 sancte

751 1959 955 2056 neapolitane
986 1957 1119 2032 ecclesie
1149 1957 1254 2030 filium
1277 1955 1442 2052 quondam
1463 1956 1548 2052 petri
1569 1957 1708 2032 exadelfi
1729 1958 1796 2030 mei
1819 1958 2035 2031 adiutoribus
2060 1968 2170 2032 autom

695 2091 701 2104 '
751 2091 786 2160 in
809 2087 882 2159 loeo
905 2089 964 2184 qui
991 2095 1129 2160 uocatur
1158 2083 1398 2158 lanoeosinum:
1432 2085 1465 2158 A
1492 2085 1635 2180 presenti
1664 2083 1718 2158 die
1740 2083 1956 2182 promtissima
1985 2081 2167 2158 volomtate

751 2217 968 2311 promittimus
983 2215 1076 2289 vohis
1091 2213 1223 2286 domino
1238 2211 1382 2312 pancrati
1397 2211 1575 2287 venerabili
1588 2215 1774 2312 igummeno
1787 2211 1972 2284 monasterii
1985 2221 2170 2286 sanderum

749 2343 852 2438 sergii
874 2351 907 2414 et
929 2339 1046 2413 bachii.
1060 2340 1119 2436 qui
1142 2362 1229 2413 nuno
1252 2348 1464 2434 congregatus
1486 2346 1536 2412 est
1557 2337 1593 2410 in
1610 2337 1804 2411 monasterio
1819 2345 2004 2410 saeuorum
2019 2335 2170 2414 theodori

726 2443 782 2544 'et
804 2469 972 2542 sebastiani
1004 2467 1063 2565 qui
1095 2465 1272 2561 adpellatur
1299 2465 1459 2562 casapicte
1490 2466 1590 2540 situm
1616 2467 1653 2540 in
1683 2463 1909 2540 viridiuiuma
1944 2473 1979 2546 ot
1998 2473 2043 2538 ⁴at
2074 2478 2170 2542 cunta

749 2605 857 2676 sanem
880 2600 913 2664 et
937 2589 1113 2670 venerabili
1135 2598 1243 2663 vestra
1265 2589 1552 2686 congregationem
1571 2587 1808 2664 monachorum
1821 2588 1995 2664 memorati
2020 2592 2121 2666 saneti
2137 2605 2169 2666 et

750 2719 940 2798 uenerabilis
964 2715 1067 2794 uestri
1089 2716 1300 2792 monasterii:
1327 2725 1460 2814 propter
1482 2716 1633 2793 inclitum
1656 2737 1790 2790 censum
1813 2737 1914 2813 quem
1947 2715 2038 2790 omni
2062 2741 2166 2794 mnne

746 2871 812 2944 ego
834 2859 873 2921 et
890 2855 1069 2922 memorato
1092 2845 1188 2922 leone
1210 2845 1324 2943 nepoti
1344 2867 1512 2923 meo-w
1524 2829 1601 2923 oum
1616 2843 1687 2917 aliis
1700 2841 1889 2939 parentibus
1904 2852 1938 2916 et
1966 2845 2166 2926 consortibus

747 2973 865 3052 nostrie
890 2973 966 3046 dare
987 2969 1076 3048 soliti
1096 2993 1243 3048 summus
1264 2973 1301 3046 in
1322 2983 1503 3046 memorato
1524 2981 1637 3046 saneto
1660 2979 1693 3044 et
1715 2971 1893 3046 venerabili
1915 2979 2022 3047 resto
2051 2991 2165 3046 mona·

746 3102 847 3178 aterio
868 3123 909 3173 eo
931 3099 1024 3196 quod
1043 3099 1229 3199 parentibus
1252 3097 1370 3172 nostrie
1393 3121 1453 3198 per
1474 3097 1633 3196 plurimos
1647 3120 1746 3172 annos
1761 3099 1870 3196 ipsum
1885 3119 2019 3174 mesum
2044 3097 2165 3173 ibidem

749 3230 824 3301 dare
848 3225 935 3300 soliti
956 3229 1105 3302 fuerunt:
1136 3233 1171 3297 et
1197 3225 1234 3299 in
1257 3234 1435 3298 memoratu
1458 3233 1570 3302 sancto
1592 3233 1702 3300 uestro
1725 3226 1920 3300 monasterio
1942 3225 2101 3300 hobbenit
2134 3233 2166 3296 et

746 3357 887 3450 pertinet
909 3377 1002 3432 seram
1027 3351 1144 3428 cecidit
1174 3377 1234 3450 per
1256 3352 1417 3448 legatione
1444 3353 1592 3450 dispositi
1615 3355 1813 3452 quemfecit
1837 3355 2001 3451 quendem
2036 3351 2168 3426 domino

746 3483 873 3558 marino
897 3481 965 3554 filio
989 3481 1153 3581 quondam
1176 3479 1310 3556 iohanni
1334 3481 1497 3579 magnifici
1520 3493 1553 3556 et
1575 3484 1750 3582 quondam
1764 3483 1894 3556 domina
1909 3503 1992 3556 anna
2006 3479 2165 3578 iugalium

745 3629 960 3702 personarum
983 3629 1083 3704 quem
1105 3629 1185 3681 vero
1209 3609 1318 3704 ipsum
1341 3609 1533 3706 dispositum
1548 3611 1634 3706 apud
1650 3633 1706 3685 vos
1722 3611 1758 3684 in
1773 3617 1953 3684 memorato
1967 3618 2078 3684 saneto
2099 3579 2163 3680 ve·

745 3747 814 3808 stro
841 3733 1036 3810 monasterio
1060 3734 1180 3810 abetist
1204 3737 1293 3834 quod
1318 3747 1366 3810 eet
1388 3736 1628 3812 nominetibum
1651 3739 1760 3834 ipsum
1783 3759 1917 3812 censum
1939 3735 2029 3810 omni
2060 3757 2164 3806 annue

745 3863 893 3970 triticum
915 3862 1023 3938 medie
1045 3863 1157 3942 decem
1181 3875 1215 3940 et
1238 3865 1309 3940 auri
1332 3865 1395 3938 tari
1420 3862 1502 3938 duos
1526 3871 1559 3937 et
1583 3887 1686 3950 unum
1710 3863 1905 3968 miliaeoium
1928 3872 1961 3938 et
1983 3871 2100 3960 quarta
2124 3861 2163 3932 de

600 3985 604 3992 '
744 3989 896 4084 signum:
921 3989 1006 4062 unde
1029 3989 1070 4062 de
1092 4003 1309 4067 memoratum
1333 4015 1467 4068 censum
1483 3991 1573 4066 omui
1597 4013 1703 4066 annue
1725 4014 1789 4088 ego
1804 4001 1838 4068 et
1851 4001 2032 4090 memorato
2056 3989 2165 4082 nepoti

744 4135 818 4187 meo
842 4125 875 4188 et
897 4115 1016 4192 nostris
1038 4117 1212 4191 heredibus
1235 4118 1312 4190 dare
1334 4117 1508 4190 debeamus
1532 4109 1723 4190 medietate:
1754 4117 1853 4190 etiam
1877 4129 1909 4192 et
1931 4117 2008 4213 ipsis
2042 4139 2162 4213 paren·

744 4239 830 4312 tibus
862 4249 894 4312 et
925 4241 1127 4334 consortibus
1156 4243 1274 4315 nostris
1304 4241 1454 4316 similiter
1484 4245 1604 4318 exindo
1627 4245 1702 4318 dare
1726 4243 1822 4322 debes
1845 4245 1936 4317 omni
1960 4265 2065 4316 annue
2099 4241 2160 4312 alia

744 4364 970 4438 medietatem:
1004 4367 1094 4462 quod
1125 4375 1200 4440 sunt
1229 4366 1419 4442 nominatibi
1442 4367 1520 4464 ipsis
1543 4369 1729 4466 parentibus
1753 4381 1785 4443 et
1807 4369 2010 4444 consortibus
2042 4365 2161 4438 nostris

743 4489 916 4583 inprimis
941 4488 1094 4585 gregorio
1116 4489 1175 4586 qui
1198 4492 1384 4568 nominatur
1408 4493 1511 4568 trinea
1534 4491 1602 4572 tilio
1626 4493 1789 4590 quondam
1812 4491 1945 4573 iohanni
1968 4489 2091 4562 trinoaa
2133 4495 2164 4560 et

744 4615 896 4705 palumbo
923 4617 1026 4690 trinea
1055 4615 1123 4690 filio
1154 4617 1241 4712 petri
1272 4617 1374 4694 trinea
1403 4616 1557 4694 exadeltis
1581 4599 1765 4711 permaniat
1790 4629 1823 4690 et
1846 4639 1933 4692 vono
1965 4615 2026 4712 qui
2049 4614 2162 4687 nonii·

744 4753 839 4812 natur
861 4745 981 4816 maraci
1003 4745 1071 4818 filio
1094 4745 1257 4842 quondam
1280 4731 1437 4841 sergii'de
1451 4743 1611 4816 formoso:
1626 4753 1659 4816 et
1673 4731 1796 4817 amanio
1811 4744 1880 4816 tilio
1896 4741 2061 4840 quondam
2076 4743 2160 4837 petri

744 4865 784 4936 de
808 4863 982 4959 palumbos
1006 4889 1097 4942 saum
1118 4867 1258 4944 iohanne
1280 4867 1350 4942 filio
1373 4877 1464 4965 petro
1480 4867 1520 4942 de
1534 4889 1638 4942 tona:
1663 4887 1827 4966 quamque
1851 4887 1928 4943 urso
1956 4865 2026 4950 filio
2049 4887 2163 4962 quon·
2216 4959 2217 4962 Ἴ
