<?xml version="1.0" encoding="UTF-8"?>
<!DOCTYPE html PUBLIC "-//W3C//DTD XHTML 1.0 Transitional//EN"
    "http://www.w3.org/TR/xhtml1/DTD/xhtml1-transitional.dtd">
<html xmlns="http://www.w3.org/1999/xhtml" xml:lang="en" lang="en">
 <head>
  <title>
</title>
<meta http-equiv="Content-Type" content="text/html;charset=utf-8" />
  <meta name='ocr-system' content='tesseract 3.04.00' />
  <meta name='ocr-capabilities' content='ocr_page ocr_carea ocr_par ocr_line ocrx_word'/>
</head>
<body>
  <div class='ocr_page' id='page_1' title='image "./monumentaeditaa03napogoog_0335.png"; bbox 0 0 4882 6534; ppageno 0'>
   <div class='ocr_carea' id='block_1_1' title="bbox 897 608 1067 705">
    <p class='ocr_par' dir='ltr' id='par_1_1' title="bbox 897 608 1067 705">
     <span class='ocr_line' id='line_1_1' title="bbox 897 608 1067 705; baseline 0 -25"><span class='ocrx_word' id='word_1_1' title='bbox 897 608 1067 705; x_wconf 72' lang='lat' dir='ltr'><strong>(nen)—</strong></span> 
     </span>
    </p>
   </div>
   <div class='ocr_carea' id='block_1_2' title="bbox 255 763 1690 4644">
    <p class='ocr_par' dir='ltr' id='par_1_2' title="bbox 255 763 1690 4644">
     <span class='ocr_line' id='line_1_2' title="bbox 258 763 1674 862; baseline 0.001 -20"><span class='ocrx_word' id='word_1_2' title='bbox 258 789 316 862; x_wconf 81' lang='lat' dir='ltr'><strong>per</strong></span> <span class='ocrx_word' id='word_1_3' title='bbox 340 773 521 842; x_wconf 79' lang='lat' dir='ltr'><strong>memorato</strong></span> <span class='ocrx_word' id='word_1_4' title='bbox 552 769 627 838; x_wconf 83' lang='lat' dir='ltr'><strong>vieo</strong></span> <span class='ocrx_word' id='word_1_5' title='bbox 649 763 780 858; x_wconf 73' lang='lat' dir='ltr'><strong>publice</strong></span> <span class='ocrx_word' id='word_1_6' title='bbox 811 763 1001 860; x_wconf 61' lang='lat' dir='ltr'><strong>qniuugit</strong></span> <span class='ocrx_word' id='word_1_7' title='bbox 1023 789 1043 836; x_wconf 79' lang='lat' dir='ltr'><strong>r</strong></span> <span class='ocrx_word' id='word_1_8' title='bbox 1066 771 1243 840; x_wconf 72' lang='lat' dir='ltr'><strong>menone</strong></span> <span class='ocrx_word' id='word_1_9' title='bbox 1275 775 1368 860; x_wconf 77' lang='lat' dir='ltr'><strong>porte</strong></span> <span class='ocrx_word' id='word_1_10' title='bbox 1391 775 1505 862; x_wconf 79' lang='lat' dir='ltr'><strong>etper</strong></span> <span class='ocrx_word' id='word_1_11' title='bbox 1528 767 1674 847; x_wconf 77' lang='lat' dir='ltr'><strong>anditum</strong></span> 
     </span>
     <span class='ocr_line' id='line_1_3' title="bbox 256 893 1676 997; baseline 0.008 -28"><span class='ocrx_word' id='word_1_12' title='bbox 256 893 425 970; x_wconf 81' lang='lat' dir='ltr'><strong>cnmnnnle</strong></span> <span class='ocrx_word' id='word_1_13' title='bbox 448 905 606 992; x_wconf 84' lang='lat' dir='ltr'><strong>qunntnm</strong></span> <span class='ocrx_word' id='word_1_14' title='bbox 629 907 663 972; x_wconf 84' lang='lat' dir='ltr'><strong>nt</strong></span> <span class='ocrx_word' id='word_1_15' title='bbox 685 921 726 970; x_wconf 88' lang='lat' dir='ltr'><strong>nc</strong></span> <span class='ocrx_word' id='word_1_16' title='bbox 748 897 888 992; x_wconf 75' lang='lat' dir='ltr'><strong>pertinet</strong></span> <span class='ocrx_word' id='word_1_17' title='bbox 915 909 949 972; x_wconf 87' lang='lat' dir='ltr'><strong>et</strong></span> <span class='ocrx_word' id='word_1_18' title='bbox 971 921 1031 996; x_wconf 84' lang='lat' dir='ltr'><strong>per</strong></span> <span class='ocrx_word' id='word_1_19' title='bbox 1053 897 1159 997; x_wconf 70' lang='lat' dir='ltr'><strong>gradis</strong></span> <span class='ocrx_word' id='word_1_20' title='bbox 1183 899 1335 996; x_wconf 83' lang='lat' dir='ltr'><strong>pretineis</strong></span> <span class='ocrx_word' id='word_1_21' title='bbox 1357 895 1586 980; x_wconf 83' lang='lat' dir='ltr'><strong>communibus</strong></span> <span class='ocrx_word' id='word_1_22' title='bbox 1609 928 1676 980; x_wconf 83' lang='lat' dir='ltr'><strong>une</strong></span> 
     </span>
     <span class='ocr_line' id='line_1_4' title="bbox 257 1017 1677 1130; baseline 0.009 -39"><span class='ocrx_word' id='word_1_23' title='bbox 257 1041 328 1092; x_wconf 80' lang='lat' dir='ltr'><strong>eum</strong></span> <span class='ocrx_word' id='word_1_24' title='bbox 351 1021 556 1092; x_wconf 64' lang='lat' dir='ltr'><strong>minutium</strong></span> <span class='ocrx_word' id='word_1_25' title='bbox 579 1043 751 1130; x_wconf 86' lang='lat' dir='ltr'><strong>commune</strong></span> <span class='ocrx_word' id='word_1_26' title='bbox 774 1023 833 1118; x_wconf 79' lang='lat' dir='ltr'><strong>qni</strong></span> <span class='ocrx_word' id='word_1_27' title='bbox 856 1019 904 1096; x_wconf 80' lang='lat' dir='ltr'><strong>est</strong></span> <span class='ocrx_word' id='word_1_28' title='bbox 926 1025 966 1096; x_wconf 83' lang='lat' dir='ltr'><strong>in·</strong></span> <span class='ocrx_word' id='word_1_29' title='bbox 985 1017 1082 1120; x_wconf 81' lang='lat' dir='ltr'><strong>ceput</strong></span> <span class='ocrx_word' id='word_1_30' title='bbox 1097 1049 1139 1098; x_wconf 87' lang='lat' dir='ltr'><strong>ex</strong></span> <span class='ocrx_word' id='word_1_31' title='bbox 1155 1026 1233 1124; x_wconf 82' lang='lat' dir='ltr'><strong>ipsis</strong></span> <span class='ocrx_word' id='word_1_32' title='bbox 1248 1029 1358 1123; x_wconf 70' lang='lat' dir='ltr'><strong>gradu</strong></span> <span class='ocrx_word' id='word_1_33' title='bbox 1372 1038 1405 1100; x_wconf 89' lang='lat' dir='ltr'><strong>et</strong></span> <span class='ocrx_word' id='word_1_34' title='bbox 1419 1047 1478 1122; x_wconf 87' lang='lat' dir='ltr'><strong>per</strong></span> <span class='ocrx_word' id='word_1_35' title='bbox 1491 1031 1581 1122; x_wconf 76' lang='lat' dir='ltr'><strong>regin</strong></span> <span class='ocrx_word' id='word_1_36' title='bbox 1596 1053 1677 1126; x_wconf 81' lang='lat' dir='ltr'><strong>pro-</strong></span> 
     </span>
     <span class='ocr_line' id='line_1_5' title="bbox 256 1148 1672 1250; baseline 0.004 -29"><span class='ocrx_word' id='word_1_37' title='bbox 256 1149 327 1244; x_wconf 80' lang='lat' dir='ltr'><strong>prin</strong></span> <span class='ocrx_word' id='word_1_38' title='bbox 349 1168 422 1220; x_wconf 80' lang='lat' dir='ltr'><strong>men</strong></span> <span class='ocrx_word' id='word_1_39' title='bbox 444 1148 503 1242; x_wconf 88' lang='lat' dir='ltr'><strong>qni</strong></span> <span class='ocrx_word' id='word_1_40' title='bbox 533 1159 583 1222; x_wconf 83' lang='lat' dir='ltr'><strong>est</strong></span> <span class='ocrx_word' id='word_1_41' title='bbox 604 1149 641 1222; x_wconf 90' lang='lat' dir='ltr'><strong>in</strong></span> <span class='ocrx_word' id='word_1_42' title='bbox 663 1148 770 1245; x_wconf 79' lang='lat' dir='ltr'><strong>ipsum</strong></span> <span class='ocrx_word' id='word_1_43' title='bbox 791 1150 999 1225; x_wconf 82' lang='lat' dir='ltr'><strong>brllnturium</strong></span> <span class='ocrx_word' id='word_1_44' title='bbox 1023 1161 1057 1226; x_wconf 89' lang='lat' dir='ltr'><strong>et</strong></span> <span class='ocrx_word' id='word_1_45' title='bbox 1079 1155 1221 1250; x_wconf 77' lang='lat' dir='ltr'><strong>ingredit</strong></span> <span class='ocrx_word' id='word_1_46' title='bbox 1243 1157 1279 1228; x_wconf 94' lang='lat' dir='ltr'><strong>in</strong></span> <span class='ocrx_word' id='word_1_47' title='bbox 1302 1165 1482 1228; x_wconf 71' lang='lat' dir='ltr'><strong>memoratu</strong></span> <span class='ocrx_word' id='word_1_48' title='bbox 1505 1157 1672 1250; x_wconf 80' lang='lat' dir='ltr'><strong>superiora</strong></span> 
     </span>
     <span class='ocr_line' id='line_1_6' title="bbox 257 1269 1677 1374; baseline 0.004 -27"><span class='ocrx_word' id='word_1_49' title='bbox 257 1297 321 1370; x_wconf 88' lang='lat' dir='ltr'><strong>que</strong></span> <span class='ocrx_word' id='word_1_50' title='bbox 344 1274 438 1346; x_wconf 79' lang='lat' dir='ltr'><strong>robis</strong></span> <span class='ocrx_word' id='word_1_51' title='bbox 463 1275 562 1348; x_wconf 85' lang='lat' dir='ltr'><strong>dedi:</strong></span> <span class='ocrx_word' id='word_1_52' title='bbox 595 1277 713 1372; x_wconf 85' lang='lat' dir='ltr'><strong>quibus</strong></span> <span class='ocrx_word' id='word_1_53' title='bbox 736 1278 805 1374; x_wconf 83' lang='lat' dir='ltr'><strong>ipse</strong></span> <span class='ocrx_word' id='word_1_54' title='bbox 828 1281 936 1373; x_wconf 74' lang='lat' dir='ltr'><strong>gratiis</strong></span> <span class='ocrx_word' id='word_1_55' title='bbox 960 1293 1036 1352; x_wconf 88' lang='lat' dir='ltr'><strong>sunt</strong></span> <span class='ocrx_word' id='word_1_56' title='bbox 1058 1283 1237 1356; x_wconf 79' lang='lat' dir='ltr'><strong>comneniis</strong></span> <span class='ocrx_word' id='word_1_57' title='bbox 1261 1305 1333 1355; x_wconf 85' lang='lat' dir='ltr'><strong>nnec</strong></span> <span class='ocrx_word' id='word_1_58' title='bbox 1362 1292 1396 1355; x_wconf 86' lang='lat' dir='ltr'><strong>et</strong></span> <span class='ocrx_word' id='word_1_59' title='bbox 1425 1284 1466 1356; x_wconf 85' lang='lat' dir='ltr'><strong>de</strong></span> <span class='ocrx_word' id='word_1_60' title='bbox 1486 1269 1677 1356; x_wconf 80' lang='lat' dir='ltr'><strong>merueratis</strong></span> 
     </span>
     <span class='ocr_line' id='line_1_7' title="bbox 257 1399 1674 1496; baseline 0.005 -27"><span class='ocrx_word' id='word_1_61' title='bbox 257 1399 430 1472; x_wconf 73' lang='lat' dir='ltr'>heredibus</span> <span class='ocrx_word' id='word_1_62' title='bbox 453 1401 622 1474; x_wconf 83' lang='lat' dir='ltr'><strong>memorati</strong></span> <span class='ocrx_word' id='word_1_63' title='bbox 643 1401 791 1496; x_wconf 83' lang='lat' dir='ltr'><strong>stephani</strong></span> <span class='ocrx_word' id='word_1_64' title='bbox 814 1401 875 1474; x_wconf 84' lang='lat' dir='ltr'><strong>tlrii</strong></span> <span class='ocrx_word' id='word_1_65' title='bbox 899 1403 983 1474; x_wconf 87' lang='lat' dir='ltr'><strong>mei:</strong></span> <span class='ocrx_word' id='word_1_66' title='bbox 1011 1414 1043 1474; x_wconf 94' lang='lat' dir='ltr'><strong>et</strong></span> <span class='ocrx_word' id='word_1_67' title='bbox 1067 1417 1100 1474; x_wconf 78' lang='lat' dir='ltr'><strong>nt</strong></span> <span class='ocrx_word' id='word_1_68' title='bbox 1124 1405 1193 1496; x_wconf 82' lang='lat' dir='ltr'><strong>ipse</strong></span> <span class='ocrx_word' id='word_1_69' title='bbox 1217 1405 1370 1476; x_wconf 80' lang='lat' dir='ltr'><strong>inferiore</strong></span> <span class='ocrx_word' id='word_1_70' title='bbox 1389 1405 1560 1478; x_wconf 84' lang='lat' dir='ltr'><strong>introitum</strong></span> <span class='ocrx_word' id='word_1_71' title='bbox 1577 1405 1674 1478; x_wconf 79' lang='lat' dir='ltr'><strong>abere</strong></span> 
     </span>
     <span class='ocr_line' id='line_1_8' title="bbox 259 1527 1676 1621; baseline 0.006 -25"><span class='ocrx_word' id='word_1_72' title='bbox 259 1527 399 1601; x_wconf 84' lang='lat' dir='ltr'><strong>debentis</strong></span> <span class='ocrx_word' id='word_1_73' title='bbox 423 1550 482 1621; x_wconf 86' lang='lat' dir='ltr'><strong>per</strong></span> <span class='ocrx_word' id='word_1_74' title='bbox 504 1527 565 1598; x_wconf 80' lang='lat' dir='ltr'><strong>niia</strong></span> <span class='ocrx_word' id='word_1_75' title='bbox 589 1529 680 1621; x_wconf 80' lang='lat' dir='ltr'><strong>regin</strong></span> <span class='ocrx_word' id='word_1_76' title='bbox 703 1528 873 1599; x_wconf 81' lang='lat' dir='ltr'><strong>comunslc</strong></span> <span class='ocrx_word' id='word_1_77' title='bbox 896 1549 968 1599; x_wconf 86' lang='lat' dir='ltr'><strong>men</strong></span> <span class='ocrx_word' id='word_1_78' title='bbox 992 1541 1025 1598; x_wconf 90' lang='lat' dir='ltr'><strong>et</strong></span> <span class='ocrx_word' id='word_1_79' title='bbox 1047 1529 1087 1600; x_wconf 87' lang='lat' dir='ltr'><strong>de</strong></span> <span class='ocrx_word' id='word_1_80' title='bbox 1102 1532 1289 1602; x_wconf 76' lang='lat' dir='ltr'><strong>memoretis</strong></span> <span class='ocrx_word' id='word_1_81' title='bbox 1313 1531 1487 1604; x_wconf 76' lang='lat' dir='ltr'><strong>heredibus</strong></span> <span class='ocrx_word' id='word_1_82' title='bbox 1502 1535 1676 1604; x_wconf 79' lang='lat' dir='ltr'><strong>memorati</strong></span> 
     </span>
     <span class='ocr_line' id='line_1_9' title="bbox 257 1651 1674 1750; baseline 0.003 -28"><span class='ocrx_word' id='word_1_83' title='bbox 257 1654 404 1750; x_wconf 85' lang='lat' dir='ltr'><strong>stephani</strong></span> <span class='ocrx_word' id='word_1_84' title='bbox 428 1653 490 1724; x_wconf 88' lang='lat' dir='ltr'><strong>thii</strong></span> <span class='ocrx_word' id='word_1_85' title='bbox 514 1653 578 1724; x_wconf 86' lang='lat' dir='ltr'><strong>mei</strong></span> <span class='ocrx_word' id='word_1_86' title='bbox 602 1653 660 1747; x_wconf 88' lang='lat' dir='ltr'><strong>qui</strong></span> <span class='ocrx_word' id='word_1_87' title='bbox 683 1651 825 1748; x_wconf 80' lang='lat' dir='ltr'><strong>ingredit</strong></span> <span class='ocrx_word' id='word_1_88' title='bbox 849 1654 884 1724; x_wconf 92' lang='lat' dir='ltr'><strong>in</strong></span> <span class='ocrx_word' id='word_1_89' title='bbox 908 1661 1086 1724; x_wconf 84' lang='lat' dir='ltr'><strong>memorate</strong></span> <span class='ocrx_word' id='word_1_90' title='bbox 1110 1654 1263 1724; x_wconf 81' lang='lat' dir='ltr'><strong>inferiore</strong></span> <span class='ocrx_word' id='word_1_91' title='bbox 1286 1678 1351 1748; x_wconf 92' lang='lat' dir='ltr'><strong>que</strong></span> <span class='ocrx_word' id='word_1_92' title='bbox 1375 1655 1468 1726; x_wconf 81' lang='lat' dir='ltr'><strong>vebis</strong></span> <span class='ocrx_word' id='word_1_93' title='bbox 1491 1655 1565 1728; x_wconf 87' lang='lat' dir='ltr'><strong>dedi</strong></span> <span class='ocrx_word' id='word_1_94' title='bbox 1589 1657 1674 1728; x_wconf 75' lang='lat' dir='ltr'><strong>trude</strong></span> 
     </span>
     <span class='ocr_line' id='line_1_10' title="bbox 260 1779 1674 1856; baseline 0.006 -8"><span class='ocrx_word' id='word_1_95' title='bbox 260 1781 378 1852; x_wconf 86' lang='lat' dir='ltr'><strong>iterum</strong></span> <span class='ocrx_word' id='word_1_96' title='bbox 403 1781 569 1852; x_wconf 87' lang='lat' dir='ltr'><strong>introitum</strong></span> <span class='ocrx_word' id='word_1_97' title='bbox 592 1781 688 1852; x_wconf 80' lang='lat' dir='ltr'><strong>rbere</strong></span> <span class='ocrx_word' id='word_1_98' title='bbox 711 1780 851 1853; x_wconf 84' lang='lat' dir='ltr'><strong>debentis</strong></span> <span class='ocrx_word' id='word_1_99' title='bbox 867 1806 886 1852; x_wconf 83' lang='lat' dir='ltr'><strong>n</strong></span> <span class='ocrx_word' id='word_1_100' title='bbox 902 1789 1078 1852; x_wconf 85' lang='lat' dir='ltr'><strong>memorate</strong></span> <span class='ocrx_word' id='word_1_101' title='bbox 1092 1779 1187 1850; x_wconf 83' lang='lat' dir='ltr'><strong>ambe</strong></span> <span class='ocrx_word' id='word_1_102' title='bbox 1203 1779 1356 1850; x_wconf 79' lang='lat' dir='ltr'><strong>inferiore</strong></span> <span class='ocrx_word' id='word_1_103' title='bbox 1380 1780 1534 1852; x_wconf 79' lang='lat' dir='ltr'><strong>distructo</strong></span> <span class='ocrx_word' id='word_1_104' title='bbox 1550 1792 1583 1853; x_wconf 91' lang='lat' dir='ltr'><strong>et</strong></span> <span class='ocrx_word' id='word_1_105' title='bbox 1598 1805 1674 1856; x_wconf 80' lang='lat' dir='ltr'><strong>cunr</strong></span> 
     </span>
     <span class='ocr_line' id='line_1_11' title="bbox 257 1901 1674 2001; baseline 0.005 -27"><span class='ocrx_word' id='word_1_106' title='bbox 257 1903 383 1995; x_wconf 77' lang='lat' dir='ltr'><strong>integre</strong></span> <span class='ocrx_word' id='word_1_107' title='bbox 407 1903 554 1997; x_wconf 82' lang='lat' dir='ltr'><strong>pinchinn</strong></span> <span class='ocrx_word' id='word_1_108' title='bbox 575 1928 648 1980; x_wconf 81' lang='lat' dir='ltr'><strong>rnen</strong></span> <span class='ocrx_word' id='word_1_109' title='bbox 670 1929 729 2001; x_wconf 79' lang='lat' dir='ltr'><strong>qut</strong></span> <span class='ocrx_word' id='word_1_110' title='bbox 752 1915 800 1976; x_wconf 87' lang='lat' dir='ltr'><strong>est</strong></span> <span class='ocrx_word' id='word_1_111' title='bbox 823 1907 910 1978; x_wconf 87' lang='lat' dir='ltr'><strong>intus</strong></span> <span class='ocrx_word' id='word_1_112' title='bbox 930 1905 1000 1998; x_wconf 81' lang='lat' dir='ltr'><strong>ipsu</strong></span> <span class='ocrx_word' id='word_1_113' title='bbox 1014 1901 1168 1976; x_wconf 77' lang='lat' dir='ltr'><strong>inferiore</strong></span> <span class='ocrx_word' id='word_1_114' title='bbox 1184 1926 1257 1976; x_wconf 81' lang='lat' dir='ltr'><strong>men</strong></span> <span class='ocrx_word' id='word_1_115' title='bbox 1271 1905 1472 2001; x_wconf 78' lang='lat' dir='ltr'><strong>maioreque</strong></span> <span class='ocrx_word' id='word_1_116' title='bbox 1492 1907 1674 1980; x_wconf 83' lang='lat' dir='ltr'><strong>vobisdedi</strong></span> 
     </span>
     <span class='ocr_line' id='line_1_12' title="bbox 255 2028 1675 2124; baseline 0.004 -26"><span class='ocrx_word' id='word_1_117' title='bbox 255 2037 287 2098; x_wconf 87' lang='lat' dir='ltr'><strong>et</strong></span> <span class='ocrx_word' id='word_1_118' title='bbox 315 2028 471 2103; x_wconf 85' lang='lat' dir='ltr'><strong>omnibns</strong></span> <span class='ocrx_word' id='word_1_119' title='bbox 493 2031 541 2102; x_wconf 84' lang='lat' dir='ltr'><strong>eis</strong></span> <span class='ocrx_word' id='word_1_120' title='bbox 564 2029 817 2124; x_wconf 83' lang='lat' dir='ltr'><strong>pertinentibus:</strong></span> <span class='ocrx_word' id='word_1_121' title='bbox 844 2039 892 2102; x_wconf 87' lang='lat' dir='ltr'><strong>set</strong></span> <span class='ocrx_word' id='word_1_122' title='bbox 915 2030 1085 2102; x_wconf 82' lang='lat' dir='ltr'><strong>mernornti</strong></span> <span class='ocrx_word' id='word_1_123' title='bbox 1110 2030 1244 2104; x_wconf 78' lang='lat' dir='ltr'><strong>heredes</strong></span> <span class='ocrx_word' id='word_1_124' title='bbox 1264 2033 1434 2104; x_wconf 79' lang='lat' dir='ltr'><strong>memorati</strong></span> <span class='ocrx_word' id='word_1_125' title='bbox 1457 2031 1515 2104; x_wconf 88' lang='lat' dir='ltr'><strong>thii</strong></span> <span class='ocrx_word' id='word_1_126' title='bbox 1533 2033 1599 2106; x_wconf 86' lang='lat' dir='ltr'><strong>nnei</strong></span> <span class='ocrx_word' id='word_1_127' title='bbox 1615 2035 1675 2104; x_wconf 81' lang='lat' dir='ltr'><strong>in·-</strong></span> 
     </span>
     <span class='ocr_line' id='line_1_13' title="bbox 255 2153 1674 2250; baseline 0.003 -28"><span class='ocrx_word' id='word_1_128' title='bbox 255 2154 391 2227; x_wconf 87' lang='lat' dir='ltr'><strong>troitum</strong></span> <span class='ocrx_word' id='word_1_129' title='bbox 416 2153 512 2224; x_wconf 80' lang='lat' dir='ltr'><strong>ubere</strong></span> <span class='ocrx_word' id='word_1_130' title='bbox 535 2155 652 2228; x_wconf 78' lang='lat' dir='ltr'><strong>neuen</strong></span> <span class='ocrx_word' id='word_1_131' title='bbox 675 2177 735 2249; x_wconf 88' lang='lat' dir='ltr'><strong>per</strong></span> <span class='ocrx_word' id='word_1_132' title='bbox 759 2163 938 2228; x_wconf 78' lang='lat' dir='ltr'><strong>memorata</strong></span> <span class='ocrx_word' id='word_1_133' title='bbox 961 2155 1053 2248; x_wconf 76' lang='lat' dir='ltr'><strong>regin</strong></span> <span class='ocrx_word' id='word_1_134' title='bbox 1073 2176 1248 2248; x_wconf 80' lang='lat' dir='ltr'><strong>commune</strong></span> <span class='ocrx_word' id='word_1_135' title='bbox 1271 2165 1305 2228; x_wconf 88' lang='lat' dir='ltr'><strong>et</strong></span> <span class='ocrx_word' id='word_1_136' title='bbox 1318 2179 1376 2250; x_wconf 86' lang='lat' dir='ltr'><strong>per</strong></span> <span class='ocrx_word' id='word_1_137' title='bbox 1394 2157 1540 2228; x_wconf 78' lang='lat' dir='ltr'><strong>anditum</strong></span> <span class='ocrx_word' id='word_1_138' title='bbox 1555 2157 1598 2229; x_wconf 85' lang='lat' dir='ltr'><strong>dn</strong></span> <span class='ocrx_word' id='word_1_139' title='bbox 1613 2156 1674 2226; x_wconf 81' lang='lat' dir='ltr'><strong>intr</strong></span> 
     </span>
     <span class='ocr_line' id='line_1_14' title="bbox 256 2275 1679 2370; baseline 0.006 -24"><span class='ocrx_word' id='word_1_140' title='bbox 256 2277 368 2348; x_wconf 80' lang='lat' dir='ltr'><strong>endem</strong></span> <span class='ocrx_word' id='word_1_141' title='bbox 391 2277 483 2370; x_wconf 78' lang='lat' dir='ltr'><strong>regin</strong></span> <span class='ocrx_word' id='word_1_142' title='bbox 508 2287 541 2346; x_wconf 87' lang='lat' dir='ltr'><strong>nt</strong></span> <span class='ocrx_word' id='word_1_143' title='bbox 563 2277 633 2367; x_wconf 80' lang='lat' dir='ltr'><strong>ipsa</strong></span> <span class='ocrx_word' id='word_1_144' title='bbox 656 2276 808 2346; x_wconf 81' lang='lat' dir='ltr'><strong>inferiore</strong></span> <span class='ocrx_word' id='word_1_145' title='bbox 832 2297 913 2346; x_wconf 69' lang='lat' dir='ltr'><strong>snut</strong></span> <span class='ocrx_word' id='word_1_146' title='bbox 936 2275 1109 2350; x_wconf 84' lang='lat' dir='ltr'><strong>coherente</strong></span> <span class='ocrx_word' id='word_1_147' title='bbox 1133 2277 1197 2350; x_wconf 84' lang='lat' dir='ltr'><strong>sivi</strong></span> <span class='ocrx_word' id='word_1_148' title='bbox 1222 2279 1619 2359; x_wconf 68' lang='lat' dir='ltr'><strong>enemente-inferiores</strong></span> <span class='ocrx_word' id='word_1_149' title='bbox 1646 2293 1679 2356; x_wconf 88' lang='lat' dir='ltr'><strong>et</strong></span> 
     </span>
     <span class='ocr_line' id='line_1_15' title="bbox 257 2395 1676 2496; baseline 0.005 -29"><span class='ocrx_word' id='word_1_150' title='bbox 257 2398 439 2490; x_wconf 78' lang='lat' dir='ltr'><strong>snper-ieras</strong></span> <span class='ocrx_word' id='word_1_151' title='bbox 471 2395 603 2464; x_wconf 79' lang='lat' dir='ltr'>insimul</span> <span class='ocrx_word' id='word_1_152' title='bbox 634 2417 699 2488; x_wconf 81' lang='lat' dir='ltr'><strong>que</strong></span> <span class='ocrx_word' id='word_1_153' title='bbox 722 2395 817 2464; x_wconf 88' lang='lat' dir='ltr'><strong>nobis</strong></span> <span class='ocrx_word' id='word_1_154' title='bbox 840 2395 914 2466; x_wconf 83' lang='lat' dir='ltr'><strong>dedi</strong></span> <span class='ocrx_word' id='word_1_155' title='bbox 938 2397 973 2466; x_wconf 92' lang='lat' dir='ltr'><strong>in</strong></span> <span class='ocrx_word' id='word_1_156' title='bbox 1004 2405 1070 2468; x_wconf 84' lang='lat' dir='ltr'><strong>uno</strong></span> <span class='ocrx_word' id='word_1_157' title='bbox 1094 2401 1330 2472; x_wconf 70' lang='lat' dir='ltr'><strong>coniunctene</strong></span> <span class='ocrx_word' id='word_1_158' title='bbox 1352 2412 1446 2496; x_wconf 83' lang='lat' dir='ltr'><strong>perte</strong></span> <span class='ocrx_word' id='word_1_159' title='bbox 1469 2403 1602 2474; x_wconf 84' lang='lat' dir='ltr'><strong>orientis</strong></span> <span class='ocrx_word' id='word_1_160' title='bbox 1626 2414 1676 2476; x_wconf 88' lang='lat' dir='ltr'><strong>est</strong></span> 
     </span>
     <span class='ocr_line' id='line_1_16' title="bbox 258 2497 1690 2623; baseline 0.003 -27"><span class='ocrx_word' id='word_1_161' title='bbox 258 2525 395 2596; x_wconf 84' lang='lat' dir='ltr'><strong>donnum</strong></span> <span class='ocrx_word' id='word_1_162' title='bbox 427 2519 552 2596; x_wconf 84' lang='lat' dir='ltr'><strong>donnini</strong></span> <span class='ocrx_word' id='word_1_163' title='bbox 582 2519 682 2614; x_wconf 74' lang='lat' dir='ltr'><strong>magii</strong></span> <span class='ocrx_word' id='word_1_164' title='bbox 707 2518 881 2591; x_wconf 76' lang='lat' dir='ltr'><strong>venerabili</strong></span> <span class='ocrx_word' id='word_1_165' title='bbox 913 2519 1100 2614; x_wconf 81' lang='lat' dir='ltr'><strong>presbytero</strong></span> <span class='ocrx_word' id='word_1_166' title='bbox 1125 2533 1158 2592; x_wconf 90' lang='lat' dir='ltr'><strong>et</strong></span> <span class='ocrx_word' id='word_1_167' title='bbox 1182 2521 1316 2594; x_wconf 83' lang='lat' dir='ltr'><strong>domum</strong></span> <span class='ocrx_word' id='word_1_168' title='bbox 1339 2528 1468 2616; x_wconf 78' lang='lat' dir='ltr'><strong>argiro:</strong></span> <span class='ocrx_word' id='word_1_169' title='bbox 1495 2539 1529 2598; x_wconf 88' lang='lat' dir='ltr'><strong>et</strong></span> <span class='ocrx_word' id='word_1_170' title='bbox 1552 2497 1690 2623; x_wconf 58' lang='lat' dir='ltr'><strong>etipse</strong></span> 
     </span>
     <span class='ocr_line' id='line_1_17' title="bbox 258 2643 1675 2743; baseline -0.001 -17"><span class='ocrx_word' id='word_1_171' title='bbox 258 2652 411 2726; x_wconf 84' lang='lat' dir='ltr'><strong>iniericrn</strong></span> <span class='ocrx_word' id='word_1_172' title='bbox 443 2652 595 2724; x_wconf 76' lang='lat' dir='ltr'><strong>distructa</strong></span> <span class='ocrx_word' id='word_1_173' title='bbox 627 2651 667 2722; x_wconf 80' lang='lat' dir='ltr'><strong>dn</strong></span> <span class='ocrx_word' id='word_1_174' title='bbox 691 2658 782 2743; x_wconf 77' lang='lat' dir='ltr'><strong>perte</strong></span> <span class='ocrx_word' id='word_1_175' title='bbox 805 2648 1041 2742; x_wconf 76' lang='lat' dir='ltr'><strong>septemtrionis</strong></span> <span class='ocrx_word' id='word_1_176' title='bbox 1065 2659 1114 2718; x_wconf 90' lang='lat' dir='ltr'><strong>est</strong></span> <span class='ocrx_word' id='word_1_177' title='bbox 1136 2644 1320 2719; x_wconf 85' lang='lat' dir='ltr'><strong>orticellum</strong></span> <span class='ocrx_word' id='word_1_178' title='bbox 1343 2647 1383 2719; x_wconf 86' lang='lat' dir='ltr'><strong>de</strong></span> <span class='ocrx_word' id='word_1_179' title='bbox 1398 2643 1504 2741; x_wconf 81' lang='lat' dir='ltr'><strong>ipsum</strong></span> <span class='ocrx_word' id='word_1_180' title='bbox 1527 2649 1675 2742; x_wconf 74' lang='lat' dir='ltr'><strong>putten-</strong></span> 
     </span>
     <span class='ocr_line' id='line_1_18' title="bbox 259 2773 1676 2872; baseline 0.002 -25"><span class='ocrx_word' id='word_1_181' title='bbox 259 2801 336 2850; x_wconf 88' lang='lat' dir='ltr'><strong>cum</strong></span> <span class='ocrx_word' id='word_1_182' title='bbox 360 2788 393 2847; x_wconf 94' lang='lat' dir='ltr'><strong>et</strong></span> <span class='ocrx_word' id='word_1_183' title='bbox 416 2777 511 2872; x_wconf 73' lang='lat' dir='ltr'><strong>quale</strong></span> <span class='ocrx_word' id='word_1_184' title='bbox 534 2785 681 2872; x_wconf 84' lang='lat' dir='ltr'><strong>ternpore</strong></span> <span class='ocrx_word' id='word_1_185' title='bbox 705 2773 852 2849; x_wconf 78' lang='lat' dir='ltr'><strong>edificare</strong></span> <span class='ocrx_word' id='word_1_186' title='bbox 876 2775 1042 2848; x_wconf 86' lang='lat' dir='ltr'><strong>volueritis</strong></span> <span class='ocrx_word' id='word_1_187' title='bbox 1065 2775 1160 2848; x_wconf 80' lang='lat' dir='ltr'><strong>illurn</strong></span> <span class='ocrx_word' id='word_1_188' title='bbox 1186 2776 1348 2848; x_wconf 82' lang='lat' dir='ltr'><strong>solarenm</strong></span> <span class='ocrx_word' id='word_1_189' title='bbox 1362 2781 1421 2870; x_wconf 77' lang='lat' dir='ltr'><strong>qni</strong></span> <span class='ocrx_word' id='word_1_190' title='bbox 1437 2786 1483 2848; x_wconf 81' lang='lat' dir='ltr'><strong>cet</strong></span> <span class='ocrx_word' id='word_1_191' title='bbox 1498 2779 1676 2870; x_wconf 79' lang='lat' dir='ltr'><strong>superinsn</strong></span> 
     </span>
     <span class='ocr_line' id='line_1_19' title="bbox 257 2903 1677 3002; baseline -0.001 -22"><span class='ocrx_word' id='word_1_192' title='bbox 257 2909 413 2982; x_wconf 76' lang='lat' dir='ltr'><strong>inferiora</strong></span> <span class='ocrx_word' id='word_1_193' title='bbox 436 2931 501 3002; x_wconf 89' lang='lat' dir='ltr'><strong>quc</strong></span> <span class='ocrx_word' id='word_1_194' title='bbox 526 2908 618 2980; x_wconf 84' lang='lat' dir='ltr'><strong>vobis</strong></span> <span class='ocrx_word' id='word_1_195' title='bbox 641 2907 715 2979; x_wconf 83' lang='lat' dir='ltr'><strong>dedi</strong></span> <span class='ocrx_word' id='word_1_196' title='bbox 747 2905 908 2978; x_wconf 75' lang='lat' dir='ltr'><strong>licentiam</strong></span> <span class='ocrx_word' id='word_1_197' title='bbox 931 2916 964 2978; x_wconf 90' lang='lat' dir='ltr'><strong>ct</strong></span> <span class='ocrx_word' id='word_1_198' title='bbox 987 2913 1175 2999; x_wconf 66' lang='lat' dir='ltr'><strong>potestatem</strong></span> <span class='ocrx_word' id='word_1_199' title='bbox 1198 2903 1336 2976; x_wconf 82' lang='lat' dir='ltr'><strong>abeatis:</strong></span> <span class='ocrx_word' id='word_1_200' title='bbox 1372 2915 1405 2976; x_wconf 86' lang='lat' dir='ltr'><strong>et</strong></span> <span class='ocrx_word' id='word_1_201' title='bbox 1428 2931 1446 2976; x_wconf 81' lang='lat' dir='ltr'><strong>n</strong></span> <span class='ocrx_word' id='word_1_202' title='bbox 1468 2917 1559 2999; x_wconf 75' lang='lat' dir='ltr'><strong>perte</strong></span> <span class='ocrx_word' id='word_1_203' title='bbox 1585 2909 1677 2978; x_wconf 86' lang='lat' dir='ltr'><strong>occi-</strong></span> 
     </span>
     <span class='ocr_line' id='line_1_20' title="bbox 261 3031 1678 3125; baseline -0.001 -17"><span class='ocrx_word' id='word_1_204' title='bbox 261 3033 366 3108; x_wconf 86' lang='lat' dir='ltr'><strong>dentis</strong></span> <span class='ocrx_word' id='word_1_205' title='bbox 390 3043 439 3103; x_wconf 88' lang='lat' dir='ltr'><strong>est</strong></span> <span class='ocrx_word' id='word_1_206' title='bbox 461 3035 596 3106; x_wconf 81' lang='lat' dir='ltr'><strong>donnum</strong></span> <span class='ocrx_word' id='word_1_207' title='bbox 630 3033 801 3106; x_wconf 78' lang='lat' dir='ltr'><strong>memorati</strong></span> <span class='ocrx_word' id='word_1_208' title='bbox 833 3031 988 3104; x_wconf 77' lang='lat' dir='ltr'><strong>heredum</strong></span> <span class='ocrx_word' id='word_1_209' title='bbox 1022 3031 1168 3125; x_wconf 75' lang='lat' dir='ltr'><strong>stephani</strong></span> <span class='ocrx_word' id='word_1_210' title='bbox 1191 3033 1253 3103; x_wconf 85' lang='lat' dir='ltr'><strong>thii</strong></span> <span class='ocrx_word' id='word_1_211' title='bbox 1276 3032 1360 3102; x_wconf 76' lang='lat' dir='ltr'><strong>meir</strong></span> <span class='ocrx_word' id='word_1_212' title='bbox 1392 3039 1424 3102; x_wconf 90' lang='lat' dir='ltr'><strong>et</strong></span> <span class='ocrx_word' id='word_1_213' title='bbox 1447 3057 1466 3102; x_wconf 82' lang='lat' dir='ltr'><strong>n</strong></span> <span class='ocrx_word' id='word_1_214' title='bbox 1489 3043 1580 3124; x_wconf 83' lang='lat' dir='ltr'><strong>parte</strong></span> <span class='ocrx_word' id='word_1_215' title='bbox 1603 3055 1678 3106; x_wconf 87' lang='lat' dir='ltr'><strong>mc-</strong></span> 
     </span>
     <span class='ocr_line' id='line_1_21' title="bbox 261 3155 1676 3252; baseline 0 -22"><span class='ocrx_word' id='word_1_216' title='bbox 261 3158 386 3231; x_wconf 85' lang='lat' dir='ltr'><strong>ridienn</strong></span> <span class='ocrx_word' id='word_1_217' title='bbox 409 3165 458 3228; x_wconf 86' lang='lat' dir='ltr'><strong>est</strong></span> <span class='ocrx_word' id='word_1_218' title='bbox 480 3156 707 3228; x_wconf 75' lang='lat' dir='ltr'><strong>abitationibus</strong></span> <span class='ocrx_word' id='word_1_219' title='bbox 729 3155 864 3230; x_wconf 78' lang='lat' dir='ltr'><strong>ecclesie</strong></span> <span class='ocrx_word' id='word_1_220' title='bbox 888 3165 993 3229; x_wconf 83' lang='lat' dir='ltr'><strong>vestre</strong></span> <span class='ocrx_word' id='word_1_221' title='bbox 1015 3169 1124 3228; x_wconf 75' lang='lat' dir='ltr'><strong>uncte</strong></span> <span class='ocrx_word' id='word_1_222' title='bbox 1148 3157 1285 3252; x_wconf 76' lang='lat' dir='ltr'><strong>ngntirec</strong></span> <span class='ocrx_word' id='word_1_223' title='bbox 1311 3168 1344 3230; x_wconf 87' lang='lat' dir='ltr'><strong>et</strong></span> <span class='ocrx_word' id='word_1_224' title='bbox 1358 3168 1568 3229; x_wconf 74' lang='lat' dir='ltr'><strong>ememcrntn</strong></span> <span class='ocrx_word' id='word_1_225' title='bbox 1585 3169 1676 3251; x_wconf 77' lang='lat' dir='ltr'><strong>parts</strong></span> 
     </span>
     <span class='ocr_line' id='line_1_22' title="bbox 259 3279 1675 3378; baseline 0.002 -23"><span class='ocrx_word' id='word_1_226' title='bbox 259 3279 498 3378; x_wconf 80' lang='lat' dir='ltr'><strong>septemtrionis</strong></span> <span class='ocrx_word' id='word_1_227' title='bbox 522 3294 570 3355; x_wconf 91' lang='lat' dir='ltr'><strong>est</strong></span> <span class='ocrx_word' id='word_1_228' title='bbox 592 3292 788 3356; x_wconf 76' lang='lat' dir='ltr'><strong>memoratus</strong></span> <span class='ocrx_word' id='word_1_229' title='bbox 812 3280 938 3356; x_wconf 81' lang='lat' dir='ltr'><strong>unditus</strong></span> <span class='ocrx_word' id='word_1_230' title='bbox 962 3297 994 3356; x_wconf 92' lang='lat' dir='ltr'><strong>et</strong></span> <span class='ocrx_word' id='word_1_231' title='bbox 1018 3285 1187 3356; x_wconf 85' lang='lat' dir='ltr'><strong>introitum</strong></span> <span class='ocrx_word' id='word_1_232' title='bbox 1209 3287 1415 3358; x_wconf 84' lang='lat' dir='ltr'><strong>cemunnlenn</strong></span> <span class='ocrx_word' id='word_1_233' title='bbox 1440 3286 1526 3357; x_wconf 85' lang='lat' dir='ltr'><strong>unde</strong></span> <span class='ocrx_word' id='word_1_234' title='bbox 1544 3307 1675 3358; x_wconf 87' lang='lat' dir='ltr'><strong>omnem</strong></span> 
     </span>
     <span class='ocr_line' id='line_1_23' title="bbox 259 3409 1676 3508; baseline 0.003 -28"><span class='ocrx_word' id='word_1_235' title='bbox 259 3411 391 3482; x_wconf 87' lang='lat' dir='ltr'><strong>licerem</strong></span> <span class='ocrx_word' id='word_1_236' title='bbox 416 3411 512 3484; x_wconf 78' lang='lat' dir='ltr'><strong>abere</strong></span> <span class='ocrx_word' id='word_1_237' title='bbox 535 3409 676 3484; x_wconf 76' lang='lat' dir='ltr'><strong>debeatis</strong></span> <span class='ocrx_word' id='word_1_238' title='bbox 699 3420 857 3507; x_wconf 79' lang='lat' dir='ltr'><strong>qnantum</strong></span> <span class='ocrx_word' id='word_1_239' title='bbox 880 3410 997 3482; x_wconf 83' lang='lat' dir='ltr'><strong>exinde</strong></span> <span class='ocrx_word' id='word_1_240' title='bbox 1020 3409 1157 3506; x_wconf 78' lang='lat' dir='ltr'><strong>pertinet</strong></span> <span class='ocrx_word' id='word_1_241' title='bbox 1180 3433 1239 3504; x_wconf 84' lang='lat' dir='ltr'><strong>per</strong></span> <span class='ocrx_word' id='word_1_242' title='bbox 1262 3411 1381 3508; x_wconf 83' lang='lat' dir='ltr'><strong>quobir</strong></span> <span class='ocrx_word' id='word_1_243' title='bbox 1405 3411 1538 3483; x_wconf 84' lang='lat' dir='ltr'><strong>modurn</strong></span> <span class='ocrx_word' id='word_1_244' title='bbox 1563 3435 1581 3480; x_wconf 80' lang='lat' dir='ltr'><strong>n</strong></span> <span class='ocrx_word' id='word_1_245' title='bbox 1606 3434 1676 3484; x_wconf 86' lang='lat' dir='ltr'><strong>me·</strong></span> 
     </span>
     <span class='ocr_line' id='line_1_24' title="bbox 258 3536 1676 3634; baseline -0.003 -24"><span class='ocrx_word' id='word_1_246' title='bbox 258 3545 384 3610; x_wconf 77' lang='lat' dir='ltr'><strong>morata</strong></span> <span class='ocrx_word' id='word_1_247' title='bbox 418 3537 545 3631; x_wconf 74' lang='lat' dir='ltr'><strong>integra</strong></span> <span class='ocrx_word' id='word_1_248' title='bbox 579 3539 712 3610; x_wconf 87' lang='lat' dir='ltr'><strong>domum</strong></span> <span class='ocrx_word' id='word_1_249' title='bbox 745 3563 809 3634; x_wconf 86' lang='lat' dir='ltr'><strong>que</strong></span> <span class='ocrx_word' id='word_1_250' title='bbox 841 3536 933 3612; x_wconf 81' lang='lat' dir='ltr'><strong>vohis</strong></span> <span class='ocrx_word' id='word_1_251' title='bbox 965 3541 1051 3614; x_wconf 81' lang='lat' dir='ltr'><strong>dedit</strong></span> <span class='ocrx_word' id='word_1_252' title='bbox 1084 3550 1121 3612; x_wconf 91' lang='lat' dir='ltr'><strong>ut</strong></span> <span class='ocrx_word' id='word_1_253' title='bbox 1142 3557 1240 3629; x_wconf 81' lang='lat' dir='ltr'><strong>snper</strong></span> <span class='ocrx_word' id='word_1_254' title='bbox 1263 3536 1405 3630; x_wconf 78' lang='lat' dir='ltr'><strong>legitur:</strong></span> <span class='ocrx_word' id='word_1_255' title='bbox 1431 3537 1562 3630; x_wconf 81' lang='lat' dir='ltr'><strong>insuper</strong></span> <span class='ocrx_word' id='word_1_256' title='bbox 1585 3537 1676 3607; x_wconf 82' lang='lat' dir='ltr'><strong>omni</strong></span> 
     </span>
     <span class='ocr_line' id='line_1_25' title="bbox 259 3660 1676 3755; baseline -0.003 -23"><span class='ocrx_word' id='word_1_257' title='bbox 259 3677 404 3754; x_wconf 83' lang='lat' dir='ltr'><strong>ternpore</strong></span> <span class='ocrx_word' id='word_1_258' title='bbox 425 3685 489 3754; x_wconf 76' lang='lat' dir='ltr'><strong>ego</strong></span> <span class='ocrx_word' id='word_1_259' title='bbox 512 3674 546 3736; x_wconf 89' lang='lat' dir='ltr'><strong>et</strong></span> <span class='ocrx_word' id='word_1_260' title='bbox 567 3662 700 3736; x_wconf 87' lang='lat' dir='ltr'><strong>heredes</strong></span> <span class='ocrx_word' id='word_1_261' title='bbox 723 3664 805 3736; x_wconf 86' lang='lat' dir='ltr'><strong>meis</strong></span> <span class='ocrx_word' id='word_1_262' title='bbox 826 3665 920 3736; x_wconf 80' lang='lat' dir='ltr'><strong>vonis</strong></span> <span class='ocrx_word' id='word_1_263' title='bbox 944 3665 1124 3755; x_wconf 85' lang='lat' dir='ltr'><strong>vestrisque</strong></span> <span class='ocrx_word' id='word_1_264' title='bbox 1147 3661 1283 3753; x_wconf 82' lang='lat' dir='ltr'><strong>posteris</strong></span> <span class='ocrx_word' id='word_1_265' title='bbox 1306 3663 1340 3727; x_wconf 87' lang='lat' dir='ltr'><strong>et</strong></span> <span class='ocrx_word' id='word_1_266' title='bbox 1354 3660 1391 3727; x_wconf 91' lang='lat' dir='ltr'><strong>in</strong></span> <span class='ocrx_word' id='word_1_267' title='bbox 1406 3669 1586 3729; x_wconf 78' lang='lat' dir='ltr'><strong>memorato</strong></span> <span class='ocrx_word' id='word_1_268' title='bbox 1612 3683 1676 3728; x_wconf 86' lang='lat' dir='ltr'><strong>ve-</strong></span> 
     </span>
     <span class='ocr_line' id='line_1_26' title="bbox 260 3783 1674 3884; baseline 0 -26"><span class='ocrx_word' id='word_1_269' title='bbox 260 3799 329 3860; x_wconf 83' lang='lat' dir='ltr'><strong>stro</strong></span> <span class='ocrx_word' id='word_1_270' title='bbox 352 3789 546 3859; x_wconf 74' lang='lat' dir='ltr'><strong>moneuerio</strong></span> <span class='ocrx_word' id='word_1_271' title='bbox 570 3787 744 3860; x_wconf 78' lang='lat' dir='ltr'>homnibus</span> <span class='ocrx_word' id='word_1_272' title='bbox 767 3788 954 3861; x_wconf 78' lang='lat' dir='ltr'><strong>memoratis</strong></span> <span class='ocrx_word' id='word_1_273' title='bbox 977 3809 1043 3884; x_wconf 90' lang='lat' dir='ltr'><strong>qne</strong></span> <span class='ocrx_word' id='word_1_274' title='bbox 1067 3783 1161 3858; x_wconf 83' lang='lat' dir='ltr'><strong>robis</strong></span> <span class='ocrx_word' id='word_1_275' title='bbox 1184 3785 1259 3856; x_wconf 81' lang='lat' dir='ltr'><strong>dedi</strong></span> <span class='ocrx_word' id='word_1_276' title='bbox 1281 3793 1315 3858; x_wconf 86' lang='lat' dir='ltr'><strong>et</strong></span> <span class='ocrx_word' id='word_1_277' title='bbox 1336 3785 1454 3858; x_wconf 78' lang='lat' dir='ltr'><strong>tradidi</strong></span> <span class='ocrx_word' id='word_1_278' title='bbox 1482 3807 1573 3858; x_wconf 84' lang='lat' dir='ltr'><strong>ecum</strong></span> <span class='ocrx_word' id='word_1_279' title='bbox 1588 3787 1674 3859; x_wconf 74' lang='lat' dir='ltr'><strong>offe—</strong></span> 
     </span>
     <span class='ocr_line' id='line_1_27' title="bbox 260 3911 1674 4005; baseline -0.006 -16"><span class='ocrx_word' id='word_1_280' title='bbox 260 3919 327 3990; x_wconf 84' lang='lat' dir='ltr'><strong>ruit</strong></span> <span class='ocrx_word' id='word_1_281' title='bbox 349 3918 383 3988; x_wconf 90' lang='lat' dir='ltr'><strong>in</strong></span> <span class='ocrx_word' id='word_1_282' title='bbox 406 3916 555 3988; x_wconf 86' lang='lat' dir='ltr'><strong>omnibus</strong></span> <span class='ocrx_word' id='word_1_283' title='bbox 578 3927 731 3988; x_wconf 74' lang='lat' dir='ltr'><strong>antestare</strong></span> <span class='ocrx_word' id='word_1_284' title='bbox 747 3926 779 3990; x_wconf 88' lang='lat' dir='ltr'><strong>et</strong></span> <span class='ocrx_word' id='word_1_285' title='bbox 793 3915 959 3986; x_wconf 83' lang='lat' dir='ltr'><strong>defensare</strong></span> <span class='ocrx_word' id='word_1_286' title='bbox 973 3912 1169 3984; x_wconf 78' lang='lat' dir='ltr'><strong>debeamus:</strong></span> <span class='ocrx_word' id='word_1_287' title='bbox 1194 3911 1273 4005; x_wconf 82' lang='lat' dir='ltr'><strong>quie</strong></span> <span class='ocrx_word' id='word_1_288' title='bbox 1296 3914 1340 3981; x_wconf 86' lang='lat' dir='ltr'><strong>itu</strong></span> <span class='ocrx_word' id='word_1_289' title='bbox 1357 3913 1441 3983; x_wconf 81' lang='lat' dir='ltr'><strong>mihi</strong></span> <span class='ocrx_word' id='word_1_290' title='bbox 1454 3935 1538 3983; x_wconf 80' lang='lat' dir='ltr'><strong>vene</strong></span> <span class='ocrx_word' id='word_1_291' title='bbox 1552 3912 1674 3981; x_wconf 71' lang='lat' dir='ltr'><strong>vohu-</strong></span> 
     </span>
     <span class='ocr_line' id='line_1_28' title="bbox 261 4036 1676 4136; baseline -0.002 -24"><span class='ocrx_word' id='word_1_292' title='bbox 261 4041 335 4113; x_wconf 87' lang='lat' dir='ltr'><strong>tntis</strong></span> <span class='ocrx_word' id='word_1_293' title='bbox 368 4041 580 4136; x_wconf 75' lang='lat' dir='ltr'><strong>complacuit:</strong></span> <span class='ocrx_word' id='word_1_294' title='bbox 618 4043 653 4112; x_wconf 88' lang='lat' dir='ltr'><strong>Si</strong></span> <span class='ocrx_word' id='word_1_295' title='bbox 687 4051 795 4112; x_wconf 86' lang='lat' dir='ltr'><strong>nutem</strong></span> <span class='ocrx_word' id='word_1_296' title='bbox 827 4061 889 4132; x_wconf 76' lang='lat' dir='ltr'><strong>ego</strong></span> <span class='ocrx_word' id='word_1_297' title='bbox 921 4049 954 4108; x_wconf 91' lang='lat' dir='ltr'><strong>et</strong></span> <span class='ocrx_word' id='word_1_298' title='bbox 985 4036 1120 4108; x_wconf 81' lang='lat' dir='ltr'><strong>heredes</strong></span> <span class='ocrx_word' id='word_1_299' title='bbox 1142 4036 1224 4108; x_wconf 86' lang='lat' dir='ltr'><strong>meis</strong></span> <span class='ocrx_word' id='word_1_300' title='bbox 1248 4037 1341 4104; x_wconf 82' lang='lat' dir='ltr'><strong>aliter</strong></span> <span class='ocrx_word' id='word_1_301' title='bbox 1365 4038 1536 4110; x_wconf 75' lang='lat' dir='ltr'><strong>fecerimus</strong></span> <span class='ocrx_word' id='word_1_302' title='bbox 1559 4040 1600 4110; x_wconf 87' lang='lat' dir='ltr'><strong>de</strong></span> <span class='ocrx_word' id='word_1_303' title='bbox 1624 4037 1676 4109; x_wconf 89' lang='lat' dir='ltr'><strong>his</strong></span> 
     </span>
     <span class='ocr_line' id='line_1_29' title="bbox 264 4159 1675 4259; baseline -0.001 -23"><span class='ocrx_word' id='word_1_304' title='bbox 264 4167 414 4239; x_wconf 88' lang='lat' dir='ltr'><strong>omnibus</strong></span> <span class='ocrx_word' id='word_1_305' title='bbox 437 4167 622 4240; x_wconf 79' lang='lat' dir='ltr'><strong>memoretis</strong></span> <span class='ocrx_word' id='word_1_306' title='bbox 645 4189 704 4259; x_wconf 85' lang='lat' dir='ltr'><strong>per</strong></span> <span class='ocrx_word' id='word_1_307' title='bbox 727 4163 845 4258; x_wconf 84' lang='lat' dir='ltr'><strong>qunbis</strong></span> <span class='ocrx_word' id='word_1_308' title='bbox 868 4162 1001 4234; x_wconf 87' lang='lat' dir='ltr'><strong>modum</strong></span> <span class='ocrx_word' id='word_1_309' title='bbox 1025 4167 1081 4229; x_wconf 83' lang='lat' dir='ltr'><strong>eut</strong></span> <span class='ocrx_word' id='word_1_310' title='bbox 1102 4159 1287 4230; x_wconf 81' lang='lat' dir='ltr'><strong>summissus</strong></span> <span class='ocrx_word' id='word_1_311' title='bbox 1312 4179 1466 4252; x_wconf 75' lang='lat' dir='ltr'><strong>pemmes</strong></span> <span class='ocrx_word' id='word_1_312' title='bbox 1482 4170 1560 4231; x_wconf 89' lang='lat' dir='ltr'><strong>tnnc</strong></span> <span class='ocrx_word' id='word_1_313' title='bbox 1576 4183 1675 4234; x_wconf 86' lang='lat' dir='ltr'><strong>com·</strong></span> 
     </span>
     <span class='ocr_line' id='line_1_30' title="bbox 263 4284 1674 4389; baseline -0.006 -21"><span class='ocrx_word' id='word_1_314' title='bbox 263 4299 415 4389; x_wconf 88' lang='lat' dir='ltr'><strong>ponimus</strong></span> <span class='ocrx_word' id='word_1_315' title='bbox 448 4292 541 4366; x_wconf 79' lang='lat' dir='ltr'><strong>vobis</strong></span> <span class='ocrx_word' id='word_1_316' title='bbox 574 4291 753 4387; x_wconf 84' lang='lat' dir='ltr'><strong>vestrisque</strong></span> <span class='ocrx_word' id='word_1_317' title='bbox 776 4289 912 4384; x_wconf 86' lang='lat' dir='ltr'><strong>posteris</strong></span> <span class='ocrx_word' id='word_1_318' title='bbox 935 4297 968 4357; x_wconf 89' lang='lat' dir='ltr'><strong>et</strong></span> <span class='ocrx_word' id='word_1_319' title='bbox 991 4284 1026 4357; x_wconf 95' lang='lat' dir='ltr'><strong>in</strong></span> <span class='ocrx_word' id='word_1_320' title='bbox 1049 4297 1229 4379; x_wconf 61' lang='lat' dir='ltr'><strong>memoresto</strong></span> <span class='ocrx_word' id='word_1_321' title='bbox 1252 4296 1359 4358; x_wconf 83' lang='lat' dir='ltr'><strong>vestro</strong></span> <span class='ocrx_word' id='word_1_322' title='bbox 1384 4289 1579 4360; x_wconf 74' lang='lat' dir='ltr'><strong>monasterio</strong></span> <span class='ocrx_word' id='word_1_323' title='bbox 1603 4292 1674 4362; x_wconf 85' lang='lat' dir='ltr'><strong>euri</strong></span> 
     </span>
     <span class='ocr_line' id='line_1_31' title="bbox 264 4415 1677 4522; baseline -0.006 -23"><span class='ocrx_word' id='word_1_324' title='bbox 264 4429 385 4500; x_wconf 88' lang='lat' dir='ltr'><strong>solidos</strong></span> <span class='ocrx_word' id='word_1_325' title='bbox 407 4425 524 4522; x_wconf 78' lang='lat' dir='ltr'><strong>viginti</strong></span> <span class='ocrx_word' id='word_1_326' title='bbox 547 4423 772 4520; x_wconf 83' lang='lat' dir='ltr'><strong>bythinntcos:</strong></span> <span class='ocrx_word' id='word_1_327' title='bbox 798 4427 831 4492; x_wconf 90' lang='lat' dir='ltr'><strong>et</strong></span> <span class='ocrx_word' id='word_1_328' title='bbox 855 4418 916 4489; x_wconf 86' lang='lat' dir='ltr'><strong>hen</strong></span> <span class='ocrx_word' id='word_1_329' title='bbox 939 4418 1084 4490; x_wconf 76' lang='lat' dir='ltr'><strong>chartule</strong></span> <span class='ocrx_word' id='word_1_330' title='bbox 1107 4415 1284 4489; x_wconf 71' lang='lat' dir='ltr'><strong>offertionis</strong></span> <span class='ocrx_word' id='word_1_331' title='bbox 1307 4427 1344 4490; x_wconf 89' lang='lat' dir='ltr'><strong>ut</strong></span> <span class='ocrx_word' id='word_1_332' title='bbox 1366 4439 1463 4511; x_wconf 86' lang='lat' dir='ltr'><strong>super</strong></span> <span class='ocrx_word' id='word_1_333' title='bbox 1486 4418 1609 4515; x_wconf 77' lang='lat' dir='ltr'><strong>legitur</strong></span> <span class='ocrx_word' id='word_1_334' title='bbox 1636 4421 1677 4491; x_wconf 90' lang='lat' dir='ltr'><strong>sit</strong></span> 
     </span>
     <span class='ocr_line' id='line_1_32' title="bbox 266 4541 1675 4644; baseline -0.009 -20"><span class='ocrx_word' id='word_1_335' title='bbox 266 4553 360 4624; x_wconf 80' lang='lat' dir='ltr'><strong>firma</strong></span> <span class='ocrx_word' id='word_1_336' title='bbox 383 4552 500 4644; x_wconf 79' lang='lat' dir='ltr'><strong>scriptu</strong></span> <span class='ocrx_word' id='word_1_337' title='bbox 523 4571 582 4642; x_wconf 86' lang='lat' dir='ltr'><strong>per</strong></span> <span class='ocrx_word' id='word_1_338' title='bbox 604 4569 718 4618; x_wconf 78' lang='lat' dir='ltr'><strong>manns</strong></span> <span class='ocrx_word' id='word_1_339' title='bbox 750 4545 848 4642; x_wconf 79' lang='lat' dir='ltr'><strong>sergii</strong></span> <span class='ocrx_word' id='word_1_340' title='bbox 871 4541 1018 4636; x_wconf 80' lang='lat' dir='ltr'><strong>primu-ii</strong></span> <span class='ocrx_word' id='word_1_341' title='bbox 1051 4563 1109 4637; x_wconf 87' lang='lat' dir='ltr'><strong>per</strong></span> <span class='ocrx_word' id='word_1_342' title='bbox 1131 4551 1310 4612; x_wconf 69' lang='lat' dir='ltr'><strong>neaerae</strong></span> <span class='ocrx_word' id='word_1_343' title='bbox 1332 4553 1422 4614; x_wconf 78' lang='lat' dir='ltr'><strong>sexte</strong></span> <span class='ocrx_word' id='word_1_344' title='bbox 1445 4543 1621 4614; x_wconf 83' lang='lat' dir='ltr'><strong>indictione</strong></span> <span class='ocrx_word' id='word_1_345' title='bbox 1644 4543 1675 4638; x_wconf 92' lang='lat'><em>†</em></span> 
     </span>
    </p>
   </div>
   <div class='ocr_carea' id='block_1_3' title="bbox 266 4665 1676 4916">
    <p class='ocr_par' dir='ltr' id='par_1_3' title="bbox 266 4665 1676 4916">
     <span class='ocr_line' id='line_1_33' title="bbox 266 4665 1676 4770; baseline -0.005 -21"><span class='ocrx_word' id='word_1_346' title='bbox 266 4677 329 4749; x_wconf 88' lang='lat' dir='ltr'><strong>hoe</strong></span> <span class='ocrx_word' id='word_1_347' title='bbox 352 4676 480 4770; x_wconf 77' lang='lat' dir='ltr'><strong>signum</strong></span> <span class='ocrx_word' id='word_1_348' title='bbox 503 4669 535 4768; x_wconf 96' lang='lat'><em>†</em></span> <span class='ocrx_word' id='word_1_349' title='bbox 558 4695 672 4745; x_wconf 87' lang='lat' dir='ltr'><strong>mnnus</strong></span> <span class='ocrx_word' id='word_1_350' title='bbox 694 4679 874 4744; x_wconf 79' lang='lat' dir='ltr'><strong>memorato</strong></span> <span class='ocrx_word' id='word_1_351' title='bbox 897 4668 1036 4739; x_wconf 83' lang='lat' dir='ltr'><strong>iohanne</strong></span> <span class='ocrx_word' id='word_1_352' title='bbox 1052 4665 1236 4739; x_wconf 81' lang='lat' dir='ltr'><strong>celciolnric</strong></span> <span class='ocrx_word' id='word_1_353' title='bbox 1254 4668 1312 4765; x_wconf 91' lang='lat' dir='ltr'><strong>qni</strong></span> <span class='ocrx_word' id='word_1_354' title='bbox 1327 4672 1512 4744; x_wconf 81' lang='lat' dir='ltr'><strong>nominetur</strong></span> <span class='ocrx_word' id='word_1_355' title='bbox 1531 4671 1676 4766; x_wconf 86' lang='lat' dir='ltr'><strong>pentiulo</strong></span> 
     </span>
     <span class='ocr_line' id='line_1_34' title="bbox 267 4794 876 4916; baseline -0.005 -46"><span class='ocrx_word' id='word_1_356' title='bbox 267 4799 356 4894; x_wconf 84' lang='lat' dir='ltr'><strong>quod</strong></span> <span class='ocrx_word' id='word_1_357' title='bbox 377 4821 440 4893; x_wconf 83' lang='lat' dir='ltr'><strong>ege</strong></span> <span class='ocrx_word' id='word_1_358' title='bbox 462 4819 524 4890; x_wconf 88' lang='lat' dir='ltr'><strong>pro</strong></span> <span class='ocrx_word' id='word_1_359' title='bbox 552 4819 628 4871; x_wconf 86' lang='lat' dir='ltr'><strong>cunr</strong></span> <span class='ocrx_word' id='word_1_360' title='bbox 651 4794 876 4916; x_wconf 83' lang='lat' dir='ltr'><strong>subscripsi†</strong></span> 
     </span>
    </p>
   </div>
   <div class='ocr_carea' id='block_1_4' title="bbox 0 0 2459 6532">
    <p class='ocr_par' dir='ltr' id='par_1_4' title="bbox 0 0 2459 6532">
     <span class='ocr_line' id='line_1_35' title="bbox 0 0 2459 6532; baseline 0 0"><span class='ocrx_word' id='word_1_361' title='bbox 0 0 2459 6532; x_wconf 95' lang='lat' dir='ltr'><strong> </strong></span> 
     </span>
    </p>
   </div>
  </div>
 </body>
</html>
