4896 6522
867 586 1014 684 (113)

227 755 369 830 cedimus
389 753 425 824 in
440 753 566 847 pretato
581 751 777 825 monasterio
790 773 905 826 omues
920 773 1031 824 servos
1045 773 1122 823 cum
1139 752 1298 826 uxoribus
1322 754 1388 824 suis
1411 753 1514 826 libere
1537 757 1655 826 femine

164 874 170 886 “
229 903 292 976 qne
315 875 412 947 modo
435 875 567 948 habunt
593 875 646 948 vei
677 876 767 969 qnod
790 876 826 948 in
848 883 941 946 nutes
965 875 1027 948 sihi
1050 879 1252 950 sociaverint.
1284 885 1321 950 ut
1337 879 1419 950 sicut
1442 879 1568 972 legibus
1591 901 1658 950 no-

232 1001 289 1075 stri
313 1002 398 1072 socri
418 1001 525 1094 palatii
541 1009 625 1071 sunt
641 1001 695 1070 rei
711 1000 831 1070 suerint
855 999 1050 1092 pertinentes
1073 1023 1149 1072 cum
1172 1001 1248 1073 filiis
1271 1009 1304 1074 et
1325 1001 1451 1074 finanus
1475 1005 1542 1074 suis
1549 1051 1649 1073 .....

232 1125 371 1198 hbent
393 1147 468 1218 pars
491 1123 593 1218 ipsius
617 1125 821 1196 monasterio.
846 1125 917 1195 Hec
940 1125 1050 1196 omnin
1073 1127 1290 1219 suprascripte
1313 1125 1372 1202 tibi
1398 1125 1456 1220 qui
1479 1149 1576 1218 supra
1593 1127 1656 1198 be-

231 1254 353 1328 nedicti
375 1253 434 1347 qui
457 1253 624 1326 deuterius
648 1263 782 1326 vocetur
805 1253 1004 1324 sanctissimo
1028 1251 1145 1323 abbati„
1171 1263 1203 1322 et
1233 1256 1273 1326 od
1296 1263 1438 1345 posteros
1465 1266 1539 1326 tuos
1563 1259 1653 1328 etin
1773 1335 1781 1349 ,

233 1379 387 1452 inusdicto
410 1380 605 1474 monasterio
632 1379 839 1452 nonoedinnus
863 1402 901 1448 en
925 1379 1050 1479 ratione
1077 1387 1115 1448 ut
1138 1381 1255 1450 amodo
1280 1391 1312 1451 et
1337 1381 1487 1476 deinceps
1510 1405 1568 1475 per
1589 1381 1651 1452 hoc

232 1515 380 1594 nouum
411 1503 585 1577 roboreum
614 1516 801 1598 preceptum
834 1504 941 1574 omniu
976 1512 1008 1573 et
1039 1505 1074 1571 in
1097 1503 1248 1576 omnibus
1272 1527 1336 1596 que
1359 1508 1508 1597 superins
1531 1507 1651 1600 legitur

236 1654 311 1728 pers
325 1631 467 1704 eiusdem
490 1629 677 1701 monosterii
701 1633 734 1698 et
757 1627 836 1720 eius
850 1637 991 1698 rectores
1016 1623 1152 1698 tirmiter
1158 1673 1286 1697 ......
1302 1639 1335 1696 et
1357 1629 1495 1702 habeant
1517 1639 1551 1702 et
1574 1656 1656 1726 pos-

234 1757 366 1828 sideant
402 1761 435 1824 et
456 1751 549 1824 inlesi
579 1751 695 1825 exinde
728 1759 915 1848 permanent
945 1761 978 1822 et
1001 1773 1020 1818 n
1043 1747 1132 1819 nulio
1159 1771 1202 1820 cx
1225 1749 1342 1820 nostris
1365 1751 1538 1824 iudicibus.
1570 1756 1655 1826 idest

233 1881 427 1969 Comitium.
452 1877 616 1952 mtddeis
638 1877 693 1950 rei
717 1901 735 1948 e
758 1878 1019 1973 quibuscumque
1041 1871 1207 1968 uentibus
1221 1871 1335 1944 habat
1350 1873 1467 1946 exinde
1483 1875 1656 1970 αἰίῳαηᾶο

193 2017 196 2022 ’
245 2049 539 2074 .............
560 2003 615 2072 Set
636 2002 726 2074 omni
748 1997 903 2093 tempore.
927 2009 966 2069 ut
988 1997 1165 2093 prelegitur
1194 1998 1377 2070 firmissime
1400 1999 1526 2070 huot.
1553 2011 1593 2098 et
1609 2005 1658 2074 iu-

237 2129 300 2200 ciot
322 2127 439 2204 exinde
464 2125 585 2198 omniu*
597 2147 663 2220 que
684 2123 817 2226 illorum
832 2122 997 2217 placuerit
1021 2124 1118 2208 Quod
1137 2146 1218 2195 vero
1231 2136 1421 2221 preceptum
1436 2131 1654 2202 concessionis

337 2294 754 2320 ..................
770 2246 884 2339 scripsi
917 2267 981 2338 ego
1005 2253 1153 2342 acceptus
1172 2246 1330 2322 diaconus
1355 2257 1388 2320 et
1411 2251 1515 2322 scribe
1538 2252 1658 2347 palatii.

239 2377 274 2448 in
289 2397 382 2454 sacro
398 2376 591 2450 solcruituno
613 2375 743 2472 putatio.
769 2375 808 2448 de
834 2395 926 2446 cuno
949 2375 1104 2448 uicesimo
1130 2375 1246 2446 octobo
1268 2377 1464 2472 principatus
1487 2381 1661 2473 supradicti

241 2505 366 2577 domini
390 2505 562 2598 guaimarii
570 2547 1055 2577 .....................
1079 2501 1229 2599 gloriosis
1252 2506 1463 2598 principibus.
1579 2497 1583 2505 ’

240 2631 302 2704 DE
324 2631 470 2704 MENSE
493 2631 757 2710 FEBRUARIUS
1133 2628 1455 2714 QUINTADECIMA
1475 2635 1660 2712 iNDIGTIO
1797 2655 1806 2668 '
