4888 6528
862 562 1006 660 (aaa)

240 719 449 799 reserhestitis
471 725 682 817 putatotem:
707 721 804 794 sicuti
827 685 927 817 bquas
949 722 1090 796 exhnad:
1117 731 1151 798 et
1174 745 1216 798 ex
1232 725 1296 800 alie
1315 726 1417 802 latere
1441 737 1489 802 est
1503 732 1576 804 ribo
1600 737 1660 828 qui

239 853 423 924 nominatur
447 850 487 920 de
512 849 652 921 corboro
676 849 772 919 sicuti
796 871 895 942 aquas
919 850 1068 921 exhnad:
1092 853 1143 928 De
1165 876 1233 924 uno
1256 857 1360 948 capite
1375 867 1423 928 est
1439 869 1524 930 terra
1541 871 1648 931 vestra

233 997 333 1073 quem
348 1001 421 1070 ego
455 967 635 1044 memorato
669 973 808 1044 cessario
832 997 851 1040 a
875 996 935 1043 sos
958 973 999 1044 ad
1022 975 1252 1067 pastenandum
1280 987 1390 1050 tenere
1414 980 1528 1050 videor
1559 983 1654 1054 sicuti
1714 1063 1722 1076 ,

234 1104 356 1178 ibidem
370 1105 424 1176 bia
438 1111 471 1172 et
486 1103 660 1176 lavinarius
676 1099 812 1173 exhnad.
826 1107 859 1170 et
875 1125 893 1170 a
907 1101 986 1171 ioris
1002 1100 1070 1194 ipsa
1087 1101 1140 1172 bia
1152 1111 1201 1174 est
1215 1103 1379 1175 coniolum
1393 1115 1538 1176 vestrum
1557 1131 1656 1201 quem

234 1231 270 1300 in
294 1237 397 1300 vestra
419 1227 629 1300 reserbastitis
653 1233 863 1319 potestatem:
892 1222 1035 1296 adsero
1061 1223 1125 1295 alio
1148 1226 1251 1318 capite
1276 1237 1362 1298 terra
1388 1229 1498 1300 sande
1523 1254 1651 1324 neapo-
1680 1297 1694 1320 ,

233 1353 333 1426 litane
356 1352 490 1426 ecclesie
513 1353 609 1425 sicuti
633 1351 717 1421 inter
743 1373 777 1424 se
800 1352 955 1422 termines
978 1349 1126 1424 cxfinad:
1154 1375 1253 1447 quem
1275 1375 1356 1426 vero
1379 1367 1558 1426 memorata
1573 1355 1654 1426 silba

233 1487 358 1550 vestras
381 1476 520 1572 qualiter
542 1475 637 1547 nobis
660 1473 730 1544 illas
753 1497 811 1567 per
834 1481 1026 1544 memoratas
1049 1474 1250 1546 coherentias
1274 1479 1477 1570 exegregatis
1496 1479 1541 1550 ud
1555 1501 1653 1572 super

233 1603 352 1699 legitur
366 1602 460 1674 nobis
473 1601 655 1696 nostrisque
670 1596 842 1672 heredibus
859 1598 931 1672 illas
951 1599 1082 1670 dedistis
1099 1599 1141 1673 ad
1164 1596 1375 1670 laborandum
1392 1612 1424 1670 ct
1441 1604 1650 1682 detinendum

233 1741 265 1802 et
288 1733 408 1804 ibidem
432 1733 619 1804 inser-tetum
643 1728 845 1802 iaciendum:
873 1731 909 1800 ln
933 1751 973 1798 eo
989 1729 1075 1800 enim
1091 1736 1203 1798 tenore
1219 1736 1375 1821 quatenus
1396 1726 1566 1800 debeamus
1592 1755 1652 1802 nos

234 1856 297 1926 aud
327 1843 462 1926 heredes
495 1855 612 1926 nostris
635 1854 707 1926 illas
730 1855 820 1926 omni
843 1876 952 1925 annuo
977 1853 1052 1922 ahto
1078 1863 1222 1946 tempore
1247 1851 1360 1924 subtus
1390 1863 1425 1922 et
1445 1875 1543 1947 super
1568 1855 1650 1926 benc

232 1975 402 2068 diligenter
424 1978 570 2048 lavorare
594 1986 627 2050 et
651 1977 793 2050 escolere
817 1999 874 2048 seu
899 1977 940 2048 ad
964 1975 1133 2070 meliorem
1156 1977 1280 2047 cultum
1305 1978 1480 2070 perducere
1502 1977 1539 2048 in
1564 2002 1641 2070 om·

231 2101 324 2174 nibus
347 2125 430 2174 vene
452 2104 497 2176 ud
522 2103 660 2196 expedid
693 2106 828 2176 insertas
851 2127 931 2175 vero
955 2103 1075 2176 ibidem
1099 2104 1189 2174 omni
1214 2127 1322 2175 annuo
1344 2105 1465 2176 ibidem
1492 2107 1649 2177 insertare

233 2225 402 2298 debeamus
425 2226 482 2298 ubi
506 2249 674 2300 necessum
697 2227 817 2300 luerit:
845 2237 878 2298 et
901 2228 946 2299 ud
969 2229 1092 2299 iustum
1116 2229 1236 2302 fuerit:
1263 2228 1373 2298 omnia
1397 2237 1430 2299 et
1446 2229 1481 2299 in
1498 2231 1648 2304 omnibus

227 2378 357 2452 queque
381 2357 472 2428 omni
496 2375 604 2426 annuo
621 2355 742 2425 ibidem
760 2375 927 2426 necessum
940 2355 1038 2426 tuerit
1051 2355 1185 2426 iuferius
1201 2367 1234 2428 et
1248 2360 1395 2451 superius
1412 2357 1647 2453 indiguerimus

227 2502 292 2552 nos
317 2489 351 2551 et
373 2478 508 2551 heredes
538 2477 656 2550 nocuis
689 2476 762 2547 illos
795 2476 901 2550 lacere
925 2484 958 2547 et
979 2497 1133 2570 peragere
1159 2477 1332 2549 debeamus
1357 2485 1397 2553 ad
1419 2486 1509 2552 omni
1535 2494 1647 2555 nostro

226 2605 415 2702 expendia:
441 2615 474 2676 et
492 2605 602 2676 omnia
625 2607 853 2700 quodcumque
876 2602 995 2676 ibidem
1019 2603 1112 2674 nobis
1136 2601 1214 2674 deus
1230 2602 1357 2676 dederis
1372 2607 1407 2676 in
1422 2585 1566 2701 quolibet
1582 2633 1639 2681 se-

226 2730 390 2800 minatum
411 2751 520 2824 super
551 2751 611 2800 nos
643 2727 719 2799 illos
751 2726 864 2799 tollere
893 2736 926 2797 et
950 2727 1045 2798 abere
1070 2727 1245 2798 debeamus
1268 2729 1354 2802 unde
1378 2731 1498 2803 nullam
1522 2745 1645 2827 partem
1709 2807 1714 2816 ,

224 2855 322 2928 nobis
345 2855 463 2928 exinde
486 2855 649 2951 queram:
675 2855 809 2926 insertas
832 2875 911 2927 vero
934 2861 1069 2952 quantes
1093 2853 1184 2926 omni
1208 2877 1317 2928 annuo
1340 2855 1458 2929 ibidem
1483 2858 1562 2931 deus
1577 2861 1640 2932 dc-

225 2984 313 3061 deris
337 3011 356 3056 a
379 2996 456 3059 tunc
480 3010 540 3060 nos
564 2995 597 3058 et
619 2985 752 3058 heredes
774 2984 892 3056 nostris
924 2983 997 3055 illas
1020 2983 1176 3078 colligere
1204 2984 1377 3060 debeamus
1400 2997 1433 3059 et
1455 2988 1526 3060 illas
1555 2992 1641 3064 inter

223 3111 320 3184 nobis
343 3113 487 3186 dividere
512 3115 684 3187 debeamus
708 3137 766 3210 per
790 3136 848 3186 sex
863 3113 974 3188 uncias
989 3135 1048 3183 vos
1063 3123 1169 3186 autem
1196 3115 1259 3186 aud
1281 3115 1418 3208 posteris
1432 3119 1548 3190 restris
1563 3141 1639 3190 me-

222 3249 417 3336 moratoque
440 3247 549 3312 vestro
573 3242 767 3314 monasterio
792 3241 908 3312 exinde
932 3241 1046 3315 tollere
1062 3251 1095 3314 at
1112 3242 1278 3337 percipere
1298 3242 1440 3314 debeatis
1456 3245 1565 3317 uncias
1580 3269 1638 3316 sex

225 3379 261 3440 et
282 3387 343 3436 nos
366 3373 422 3436 aut
444 3364 580 3437 heredes
595 3359 597 3362 ’
611 3366 729 3436 nostris
760 3366 877 3438 exinde
908 3365 1023 3436 tollere
1048 3375 1080 3437 et
1104 3367 1269 3460 percipere
1294 3367 1466 3440 debeamus
1489 3369 1639 3439 similiter

218 3493 334 3570 uncias
357 3511 435 3562 sex:
461 3497 495 3561 et
517 3489 602 3583 ipsas
625 3511 684 3560 sex
699 3491 810 3560 uncias
833 3497 956 3560 nostras
979 3491 1065 3562 inter
1087 3490 1181 3561 nobis
1205 3491 1349 3565 dividere
1380 3493 1553 3568 debeamus
1583 3517 1642 3586 per

215 3618 391 3691 medietate
415 3637 478 3710 ego
500 3621 680 3688 memorato
704 3615 828 3686 cesario
851 3615 970 3688 exinde
986 3616 1099 3686 tollere
1114 3617 1231 3690 debeas
1247 3619 1418 3690 medietate
1432 3627 1465 3690 et
1479 3643 1542 3714 ego
1559 3641 1637 3692 me-

149 3825 157 3838 ,
214 3753 348 3820 morato
371 3751 464 3839 petro
486 3743 707 3816 secundicerio
731 3765 808 3814 curn
832 3750 1014 3816 memorato
1037 3744 1189 3839 gregorio
1212 3753 1351 3840 cognato
1366 3768 1440 3818 meo
1455 3745 1641 3839 nostrisque

214 3869 395 3942 heredibus
417 3868 534 3940 exinde
557 3867 670 3941 tollere
686 3867 860 3942 debeamus
875 3867 1024 3942 similiter
1047 3870 1275 3941 medietatem:
1298 3869 1461 3964 portiones
1480 3891 1560 3940 vero
1576 3890 1640 3938 ve·-

183 4005 302 4070 ‘stru
324 4017 367 4066 ex
389 3995 473 4089 ipsas
495 3997 629 4068 insertas
651 3995 846 4090 quandoque
870 3995 940 4064 illas
964 3995 1192 4068 collisscrimus
1224 4005 1302 4066 tunc
1323 4017 1385 4085 nos
1409 3995 1474 4066 aud
1506 3993 1641 4064 heredes

212 4101 339 4194 nostris
362 4119 454 4191 vobis
476 4119 547 4191 illas
570 4128 674 4190 traere
697 4127 730 4189 et
752 4117 908 4192 adducere
932 4116 1109 4190 debeamus
1130 4141 1235 4214 usque
1257 4117 1345 4189 intus
1367 4115 1551 4189 ohedientia
1574 4138 1640 4187 ve-

210 4257 307 4350 stras
322 4246 423 4318 sancti
444 4244 550 4316 basilii
573 4243 686 4338 ibique
715 4243 751 4312 in
779 4245 851 4334 ipso
883 4243 957 4315 loeo
987 4245 1087 4338 gratis
1115 4245 1237 4340 absque
1269 4245 1361 4316 omni
1389 4243 1637 4316 ammaricatio-

209 4392 318 4446 nem:
351 4378 385 4440 et
414 4388 582 4462 nunquam
612 4361 837 4459 presummetis
859 4383 918 4434 vos
947 4368 1003 4432 ant
1025 4367 1160 4455 pesteris
1182 4365 1296 4436 vestris
1320 4375 1500 4438 memerato
1522 4374 1635 4434 sancto

208 4505 249 4566 et
276 4488 466 4565 venerabilis
488 4495 597 4560 restro
619 4483 816 4558 monasterio
838 4505 898 4554 nec
927 4480 1047 4552 abeatis
1066 4482 1230 4554 licentiam
1254 4485 1426 4578 aliquando
1452 4484 1547 4557 vobis
1572 4512 1638 4560 re-

209 4623 358 4716 atrisque
380 4617 552 4690 heredibus
574 4615 682 4710 ipsum
704 4615 895 4686 insectetum
925 4608 1038 4683 tollere
1066 4633 1125 4706 per
1155 4611 1282 4684 nullum
1312 4612 1448 4684 modum
1484 4637 1544 4684 nec
1575 4638 1637 4710 per

204 4747 423 4824 summissam
445 4765 614 4840 personam
639 4763 699 4815 nos
723 4764 808 4815 senc
829 4739 902 4810 illas
925 4739 1106 4812 lavorautes
1130 4745 1163 4810 et
1186 4737 1396 4832 adimplentes
1418 4739 1527 4814 omnia
1557 4765 1638 4814 me-
1673 4724 1676 4732 ’
1780 4826 1782 4831 .

207 4879 343 4946 morata
376 4869 424 4946 ud
448 4889 545 4966 super
578 4865 721 4963 legitura
748 4865 892 4966 insuper
923 4861 1183 4957 omnitempore
1208 4883 1265 4938 vos
1293 4869 1326 4934 aa
1348 4865 1486 4958 pomp,
1518 4867 1636 4942 „m
1740 4887 1743 4896 .
