4882 6534
1410 595 1554 688 (Μ)

810 753 1008 861 deligot
1016 764 1068 835 leo
1092 758 1279 831 tabularius
1272 753 1387 824 teatin
1405 747 1645 842 mbsedpriissa
1748 793 1752 804 .
1805 798 1809 809 .
1872 799 1876 814 .

786 888 993 980 ‚.·,.†Ego
1015 879 1185 974 moritus
1194 876 1291 974 lilius
1314 872 1545 968 dominipetri
1568 873 1668 948 testis.
1683 875 1863 974 subscripsi
1884 883 1998 980 ep

853 1009 896 1102 †
920 1009 992 1098 Ego
1013 1001 1158 1093 sergius:
1183 998 1319 1091 Curialis
1343 995 1432 1076 testis
1456 993 1782 1094 subscnps1†

814 1133 907 1230 †
922 1135 1005 1225 Ego
1025 1129 1150 1222 sergius
1183 1125 1354 1220 primarbas
1388 1121 1554 1218 Complevi
1586 1131 1618 1194 et
1649 1125 1775 1202 absolvi
1808 1154 1866 1278 per
1901 1149 2079 1212 memorata
2107 1157 2195 1218 sexta

775 1260 947 1338 indictione
971 1254 1031 1348 †.
1128 1301 1133 1314 ·
1255 1297 1258 1307 ι

1376 1629 1591 1706 stomun

639 1898 700 1968 Αιι.
876 1906 908 1999 †
930 1903 967 1971 lu
991 1899 1120 1971 nomine
1143 1894 1267 1968 domini
1290 1891 1342 1964 dei
1367 1893 1534 1966 salvatoris
1555 1894 1657 1964 notui
1672 1891 1769 1966 lbesu
1783 1895 1923 1970 Christi:
1939 1900 2114 1994 imperante
2127 1903 2195 1974 do-

619 2033 726 2098 1039.
781 2032 870 2102 mino
893 2037 1003 2099 uostm
1027 2023 1198 2096 michaelio
1220 2023 1347 2115 m‘egno‘
1364 2023 1558 2116 imperatore
1573 2042 1657 2092 anno
1672 2031 1805 2114 quarto:
1828 2023 1880 2094 die
1898 2027 2055 2114 tricesima
2075 2028 2195 2099 mensis

782 2153 866 2224 iunii
890 2149 1064 2222 indictione
1088 2157 1176 2218 senta
1193 2145 1343 2238 neapoli:
1368 2144 1502 2218 Certum
1525 2153 1573 2216 est
1596 2165 1654 2214 nos
1669 2143 1751 2214 bona
1767 2167 1829 2240 que
1844 2150 2033 2220 nominatur
2050 2150 2193 2223 sissana:

783 2277 893 2346 relicta
911 2273 1020 2345 autem
1036 2271 1160 2341 domiui
1176 2268 1325 2339 iohannis
1341 2267 1399 2364 qui
1415 2267 1579 2340 dicebatur
1594 2267 1733 2338 obsone:
1758 2277 1789 2338 et
1806 2275 1893 2362 petro
1910 2269 2028 2342 absono
2043 2273 2104 2364 qui
2117 2293 2193 2346 sum

785 2399 930 2470 atobtibo
954 2397 1021 2468 lilio
1044 2403 1218 2468 memorata
1248 2415 1333 2463 vona
1356 2401 1388 2462 et
1412 2395 1452 2465 de
1475 2403 1654 2466 memorato
1678 2393 1815 2465 iobanue
1838 2395 1979 2466 sisseno:
2005 2397 2036 2466 Α
2059 2399 2199 2490 presenti

785 2528 839 2598 die
863 2523 1077 2618 promtissima
1101 2521 1278 2591 volumtate
1309 2519 1528 2613 promittimus
1563 2522 1654 2592 vobis
1682 2521 1813 2592 domino
1836 2521 1996 2594 laurentio
2019 2521 2198 2594 venerabili

783 2651 937 2744 igumeno
969 2644 1156 2718 monasterii
1180 2650 1370 2718 sanctorum
1392 2649 1491 2742 sergii
1514 2659 1547 2717 et
1570 2647 1697 2720 vacbii:
1723 2648 1781 2744 qui
1804 2671 1890 2720 nuuc
1914 2657 2128 2744 congregetur
2151 2657 2198 2722 est

783 2778 817 2849 in
840 2777 1035 2849 monasterio
1057 2783 1244 2846 ssuetorum
1268 2773 1416 2845 theodori
1439 2783 1472 2845 et
1495 2777 1665 2848 sevastiani
1690 2783 1749 2871 qui
1772 2777 1947 2872 appelletur
1970 2776 2128 2868 casapieta
2144 2777 2198 2846 si-

783 2909 853 2972 tum
877 2901 912 2970 in
935 2897 1140 2971 viridiarium
1164 2904 1197 2966 et
1220 2905 1254 2966 at
1277 2906 1374 2968 cunta
1398 2907 1503 2968 vestra
1533 2899 1781 2994 congregatione
1807 2898 2037 2972 monachorum
2061 2919 2196 2968 memo-

783 3027 845 3096 rati
869 3023 970 3094 suncti
995 3033 1028 3092 et
1051 3020 1242 3095 venerabilis
1266 3023 1366 3094 vestri
1389 3023 1595 3094 monasterii:
1622 3026 1776 3118 eoquod
1800 3046 1859 3094 uos
1882 3024 2080 3098 voluibimus
2095 3026 2199 3096 tacere

786 3163 819 3224 et
844 3153 941 3223 abere
964 3151 1126 3222 solareum
1145 3149 1414 3244 superauditum
1436 3151 1606 3223 comuntlo
1630 3163 1775 3226 nosbum
1798 3162 1832 3224 et
1855 3155 1898 3226 de
1932 3161 2110 3226 memorato
2134 3175 2198 3222 ve-

785 3289 852 3352 stro
883 3281 1076 3354 monasterio
1109 3289 1141 3351 et
1170 3278 1210 3350 de
1235 3278 1437 3350 consortibus
1461 3281 1634 3352 nostriset
1659 3281 1744 3354 vadit
1767 3283 1835 3377 ipse
1861 3281 2007 3356 anditum
2031 3279 2199 3354 comumle

786 3421 818 3482 at
842 3413 956 3483 domos
979 3421 1085 3484 vestra
1108 3431 1172 3504 que
1196 3409 1231 3478 in
1254 3415 1434 3480 memorato
1458 3419 1566 3480 vestro
1591 3411 1782 3482 monasterio
1805 3412 1933 3484 offeruit
1963 3411 2101 3488 iohanne
2124 3405 2199 3478 eal-

786 3537 920 3608 ciolario
951 3539 1009 3629 qui
1042 3533 1226 3605 nominatur
1258 3533 1402 3627 pentiulo
1434 3555 1492 3624 per
1516 3534 1692 3606 firmissima
1716 3534 1857 3606 chartula
1882 3532 2058 3603 offertionis
2089 3540 2200 3602 vestra

787 3682 885 3754 quem
910 3659 995 3750 apud
1017 3681 1077 3728 vos
1100 3657 1217 3727 abetis:
1243 3669 1274 3726 et
1298 3667 1331 3726 at
1354 3657 1489 3730 domum
1511 3657 1662 3730 heredum
1678 3658 1841 3753 quondam
1855 3655 2002 3748 stephani
2018 3655 2196 3728 calciolarii

787 3786 846 3876 qui
870 3783 1054 3854 nominatur
1077 3783 1223 3876 pentiulo
1246 3793 1278 3853 et
1300 3793 1332 3854 at
1355 3785 1488 3858 domum
1511 3795 1618 3856 nostra
1642 3795 1674 3858 et
1698 3787 1737 3858 de
1760 3781 1963 3856 consortibus
1987 3783 2107 3854 nostris
2129 3805 2199 3876 po-

786 3911 883 3981 dmm
906 3931 985 3982 vero
1010 3910 1096 3982 intus
1119 3931 1177 3980 ane
1199 3909 1363 3984 civitatem
1380 3909 1522 4004 neapolis
1537 3912 1572 3982 iu
1587 3911 1661 3982 vico
1684 3911 1741 4008 qui
1757 3911 1941 3982 nominatur
1957 3908 2100 3980 licariola
2116 3910 2199 3980 iusta

785 4039 840 4107 illa
863 4049 955 4132 porta
980 4039 1062 4111 nobe
1088 4040 1145 4136 qui
1170 4038 1289 4112 dicitur
1311 4040 1351 4111 de
1374 4039 1508 4110 domino
1539 4062 1616 4111 urso
1646 4049 1727 4110 tata:
1756 4042 1852 4110 etiam
1876 4050 1908 4108 et
1932 4061 1991 4110 vos
2017 4037 2100 4112 milri
2124 4036 2197 4108 illut

786 4163 951 4234 contractis
974 4173 1011 4232 ut
1032 4185 1093 4234 uos
1116 4163 1236 4236 ibidem
1268 4163 1341 4236 illut
1371 4187 1438 4236 non
1463 4165 1657 4236 laceremus:
1691 4173 1724 4236 et
1755 4161 1830 4256 quia
1855 4159 1976 4236 ibidem
1999 4159 2199 4253 portavimus

787 4288 896 4356 ambas
919 4299 1026 4378 partes
1050 4290 1171 4363 iudices
1194 4292 1340 4386 publicos
1363 4300 1396 4361 et
1419 4289 1539 4362 ibidem
1563 4291 1736 4367 ostensistis
1753 4289 1843 4360 nobis
1857 4297 2033 4360 memorata
2048 4285 2188 4358 chartula

787 4409 963 4480 offertionis
986 4421 1089 4486 vestra
1107 4425 1139 4486 et
1154 4415 1275 4486 ibidem
1291 4437 1329 4486 ea
1346 4413 1489 4508 relegere
1504 4415 1638 4486 iedmus
1654 4425 1686 4484 et
1706 4415 1897 4486 invenerunt
1913 4413 1990 4484 duas
2005 4414 2108 4482 turcas
2125 4407 2198 4478 ibi-

786 4539 860 4610 dem
885 4542 972 4614 lictas
996 4569 1013 4613 a
1038 4553 1126 4638 parte
1151 4545 1283 4616 orientis
1307 4545 1390 4616 iusta
1414 4543 1549 4616 domum
1568 4541 1690 4616 maioni
1713 4543 1891 4638 presbyteri
1915 4551 1946 4613 et
1963 4544 2103 4634 desuper
2119 4539 2200 4631 ipsas

786 4669 891 4737 turcas
923 4669 1082 4763 lignamen
1116 4671 1232 4764 positas
1262 4673 1322 4768 qui
1352 4671 1473 4744 ibidem
1507 4689 1608 4744 uuum
1633 4681 1730 4765 caput
1754 4669 1893 4744 detinet:
1920 4677 1953 4738 et
1977 4667 2079 4738 alium
2103 4671 2195 4755 caput

787 4793 906 4864 detinet
938 4797 970 4868 in
1004 4799 1055 4868 illa
1088 4800 1222 4872 domum
1253 4811 1361 4874 nostra
1385 4811 1417 4874 et
1440 4811 1515 4874 suut
1546 4821 1643 4896 super
1674 4802 1780 4892 ipsum
1804 4798 1949 4870 auditum
1973 4793 2139 4868 comunale
2163 4801 2197 4862 et
