4896 6522
909 553 1028 652 (⁰⁵)

258 717 333 792 dnm
356 713 489 791 iobenni
516 715 563 791 tie
592 715 736 790 iermoso
758 713 891 789 insimul
914 713 1113 788 omminibus
1137 711 1416 814 ipsissimum
1442 709 1622 795 memorate
1646 735 1680 797 ct

259 844 389 918 domine
410 847 521 917 nosue
544 839 749 936 neopolitano
769 839 904 914 melesio
933 839 1144 916 obitutonbus
1167 840 1209 913 ds
1232 849 1414 914 memorato
1436 841 1511 916 loco
1541 841 1680 920 lancea-

257 973 383 1046 sinu'm:
406 973 494 1048 unde
516 993 577 1068 per
599 993 661 1044 oue
682 969 832 1044 chartule
861 967 1115 1064 repromittimus
1137 972 1171 1039 et
1192 967 1476 1078 firmsmosvobis
1491 979 1524 1046 et
1547 973 1583 1046 in
1599 996 1681 1066 me-

254 1107 386 1170 morrto
415 1105 528 1171 senoto
558 1103 593 1168 ct
622 1083 800 1168 uenerebili
830 1101 940 1194 umbo
961 1093 1158 1164 monasterio
1179 1101 1339 1187 qustsmu
1361 1097 1452 1168 omni
1475 1117 1581 1170 mnne
1617 1123 1680 1196 ego

255 1228 292 1292 et
313 1229 497 1294 monento
518 1217 629 1314 nepoti
651 1241 728 1292 meo
746 1195 925 1291 'etnostris
945 1215 1121 1290 herodibus
1143 1213 1221 1296 clerc
1236 1217 1416 1293 -debosmus
1442 1219 1479 1292 in
1501 1231 1680 1296 memorato

258 1351 368 1414 restro
390 1339 589 1414 monereris
610 1363 670 1436 per
692 1341 866 1416 festivitate
895 1349 1003 1414 nucu
1026 1341 1129 1414 moris
1156 1339 1199 1414 dc
1221 1351 1360 1436 augusto
1384 1363 1496 1418 mense
1517 1365 1580 1440 pro
1611 1347 1680 1441 ipss

260 1444 432 1538 medietate
455 1475 563 1538 nostru
588 1465 628 1538 dc
643 1465 749 1564 psmn
762 1487 896 1538 censum
910 1465 993 1536 idest
1006 1463 1150 1536 triticum
1163 1463 1291 1538 bonum
1313 1469 1436 1542 siccum
1458 1469 1566 1542 modio
1587 1473 1682 1566 quin-

249 1575 325 1687 ¹quc
348 1600 488 1664 tractum
510 1596 545 1662 ct
566 1597 790 1662 mensuratim
811 1583 900 1662 intus
922 1594 1103 1660 memorato
1126 1593 1237 1660 vocuo
1260 1593 1458 1664 monasterio
1480 1602 1515 1665 et
1530 1596 1680 1670 modium

260 1719 383 1792 iustum
405 1718 447 1790 dc
469 1703 704 1790 comedendum
721 1715 796 1790 sine
818 1715 911 1788 omni
933 1699 1214 1812 emorimuonem:
1239 1723 1273 1786 et
1293 1717 1385 1790 omui
1408 1739 1514 1792 eunuc
1537 1741 1597 1814 per
1610 1741 1681 1796 me·

231 1917 236 1926 ,
260 1851 385 1916 moreto
400 1842 578 1916 ¹sortivituts
600 1841 702 1916 suncti
718 1839 896 1916 'sebastiani
918 1841 992 1916 ouri
1013 1851 1092 1914 tue
1107 1841 1374 1916 unumbonum:
1400 1851 1434 1914 et
1456 1843 1536 1940 ipre·
1556 1846 1682 1918 nsciisb

259 1971 324 2034 tete
346 1973 457 2038 nostre
477 1963 519 2039 sis
540 1965 649 2060 ipsum
673 1966 891 2041 mitiecciom:
921 1973 956 2040 et
978 1985 1037 2062 per
1063 1973 1210 2042 sunctum
1231 1965 1385 2062 peschim
1409 1965 1480 2061 ipss
1511 1967 1684 2045 mensuro

259 2063 367 2160 norbo
388 2087 431 2164 co
453 2087 523 2185 ipse
536 2095 652 2186 anrts
666 2087 708 2163 de
722 2089 830 2187 ἱμιιω
844 2091 978 2186 signum
989 2091 1060 2164 sine
1072 2143 1073 2148 Ν
1083 2091 1175 2164 omni
1197 2089 1427 2166 murimtioue
1448 2089 1539 2164 nullu
1564 2092 1682 2169 exinde

179 2231 180 2236 ‘
259 2215 422 2288 mittentes
436 2215 682 2290 occensioncmr
699 2225 734 2292 et
755 2215 825 2316 ipss
847 2217 990 2316 reliques
1012 2187 1075 2292 riis
1106 2217 1325 2294 medictatem
1338 2239 1383 2294 ox
1424 2237 1520 2313 psum
1547 2235 1681 2293 consum

260 2351 304 2414 ut
319 2363 418 2440 super
438 2341 559 2440 legitur
581 2343 659 2440 ipsis
682 2346 869 2442 perentibus
891 2356 926 2420 ct
947 2345 1151 2420 consortibus
1165 2346 1285 2422 noctuis
1300 2353 1334 2419 et
1350 2345 1484 2420 illorum
1508 2341 1685 2418 herodibus

263 2467 340 2542 dero
362 2466 478 2544 debeas
500 2470 591 2546 omui
612 2492 719 2544 onnus
740 2459 838 2543 sicu'ti
861 2471 940 2544 due
963 2478 998 2543 ot
1020 2472 1126 2543 iuuere
1148 2473 1294 2542 consueti
1326 2477 1403 2545 sunt
1435 2491 1494 2561 per
1524 2469 1682 2563 plurimos

264 2613 365 2668 annor
385 2593 465 2694 ipsis
485 2604 521 2670 et
541 2596 727 2694 perentibus
738 2595 891 2672 silerum:
906 2595 984 2694 quie
1008 2593 1053 2668 ite
1066 2595 1160 2668 nobis
1171 2595 1388 2692 complrcuitz
1411 2593 1448 2666 Si
1459 2600 1567 2666 nuum
1591 2593 1683 2666 aliter

262 2717 435 2794 fecerimus
457 2719 498 2796 de
511 2719 564 2795 bis
576 2719 729 2796 omnibns
741 2716 928 2796 momentis
941 2725 981 2792 ut
1001 2737 1100 2814 super
1113 2717 1234 2816 legitor
1255 2737 1316 2816 pu
1337 2715 1455 2816 euobis
1468 2715 1603 2790 modum
1627 2725 1683 2792 rut

260 2841 439 2917 ommissis
452 2843 599 2940 personis
614 2853 693 2919 tune
714 2840 1245 2940 componimmnosetbereiibus
1261 2839 1681 2936 remeaturumque

261 2970 400 3063 portem
411 2979 446 3046 ct
459 2970 495 3045 in
510 2980 692 3048 memorato
703 2979 811 3048 resno
825 2973 1022 3048 moumtcrio
1038 2973 1110 3048 euri
1127 2971 1375 3068 rciislosviginti
1388 2969 1632 3068 bytbientcotct
1646 2991 1683 3042 ec

261 3093 408 3169 cbrrtuie
421 3097 646 3192 promissionis
660 3105 700 3172 ut
712 3119 811 3194 super
824 3095 947 3194 legitur
959 3096 1002 3170 nt
1016 3097 1110 3172 firmo
1123 3096 1244 3192 scripte
1266 3117 1326 3192 psr
1339 3115 1453 3169 munus
1467 3095 1565 3190 sergii
1587 3095 1683 3168 ehu

265 3217 341 3288 lotii
361 3239 421 3312 pec
439 3229 623 3294 memoratu
645 3223 760 3320 quinte
782 3225 907 3301 decime
923 3197 1100 3302 indictione
1121 3227 1154 3325 †
1178 3227 1242 3302 hoc
1264 3229 1395 3326 signum
1417 3225 1449 3322 †
1471 3247 1587 3298 monus
1610 3247 1686 3298 me·

266 3349 395 3414 musto
419 3341 576 3439 cepham
604 3333 794 3446 presbytero
814 3373 877 3448 pro
904 3353 978 3428 vics
999 3377 1059 3431 sue
1079 3357 1168 3431 etde
1190 3368 1371 3434 memorato
1392 3357 1503 3452 nepoti
1520 3377 1581 3432 suo
1597 3360 1685 3453 qnod

223 3491 228 3506 ·
266 3483 330 3558 ogo
351 3485 413 3558 pru
434 3465 483 3538 cis
506 3465 679 3565 subscripsi
702 3471 754 3570 ᾗ·
1591 3525 1594 3532 .

357 3589 393 3686 †
414 3615 478 3690 ego
500 3593 643 3670 sturnus
663 3595 833 3695 prebyter
853 3597 1028 3696 subscripsi
1052 3601 1084 3698 †

225 3733 229 3740 ’
359 3714 1357 3830 †egopeuusbiusoouunicssuiitmisubseripst†

362 3829 488 3937 ruo
506 3849 619 3935 oco
639 3843 815 3940 spons
837 3846 927 3919 os
948 3847 1178 3946 userius

361 3962 489 4060 mo
509 3963 666 4054 iobrnnes
687 3967 827 4044 Coriolis
849 3974 939 4048 testis
961 3975 1138 4070 subsuipsi
1163 3977 1194 4071 †

288 4175 290 4180 ,
365 4087 492 4184 fluo
514 4092 640 4188 sergius
661 4091 841 4168 ubulrnus
869 4095 1040 4194 Complcvi
1069 4105 1104 4171 et
1125 4097 1249 4172 rbsoiri
1272 4119 1332 4194 per
1356 4107 1531 4177 memorato
1554 4099 1689 4198 printe-

272 4212 398 4288 noune
424 4213 599 4292 indictione
620 4213 654 4310 †
1796 4229 1799 4242 '
