4882 6534
862 723 1004 816 (era)

220 882 389 950 extraneus
406 877 458 946 rel
475 877 538 948 etia
554 877 594 947 de
610 885 724 948 nostm
740 897 858 970 genere
873 875 1062 948 temerarius
1079 887 1283 972 presumptor
1299 879 1491 951 baoeesserit
1506 887 1539 951 et
1553 879 1659 994 aliter·

219 1006 337 1098 begere
360 1003 568 1098 presumserit
590 1025 690 1099 wana
708 1025 767 1076 nos
782 1025 879 1097 super
897 1005 1102 1077 instituimus.
1119 1015 1152 1077 et
1168 1030 1186 1076 a
1203 1004 1298 1076 bobis
1314 1014 1494 1077 memorato
1511 1007 1643 1078 domino

219 1136 310 1222 petro
327 1123 504 1198 venerabili
520 1123 627 1196 abbati
642 1134 699 1200 aut
714 1151 733 1198 a
747 1135 923 1201 memorata
942 1137 1050 1200 sancta
1067 1137 1172 1201 vestra
1188 1127 1437 1224 congregatione
1454 1127 1585 1222 aliquod
1601 1151 1642 1200 ex

201 1253 328 1325 'omnia
353 1259 388 1324 et
410 1249 445 1320 in
471 1250 623 1324 omnibus
647 1255 832 1326 memoratis
854 1255 1018 1326 subtraere
1042 1265 1098 1327 aut
1121 1253 1260 1326 aberrare
1285 1253 1426 1326 voluerit
1456 1275 1514 1347 per
1530 1253 1646 1348 quobis

219 1381 354 1454 modum
369 1381 449 1452 baut
473 1381 676 1457 summissam
692 1403 845 1478 personas
859 1391 938 1456 tunc
952 1383 1007 1456 ille
1022 1385 1081 1478 qui
1095 1407 1137 1455 oo
1152 1405 1248 1458 ansus
1264 1383 1362 1455 fuerit
1381 1390 1568 1476 poenetrsre
1584 1383 1645 1454 sub

218 1511 426 1583 anathematis
448 1513 586 1586 uinculis
602 1513 645 1584 sit
655 1511 831 1604 obligatus.
854 1509 897 1580 ba
911 1516 1129 1583 trecentorum
1144 1511 1259 1585 decem
1275 1519 1308 1581 et
1324 1517 1398 1582 octo
1414 1519 1544 1602 patrum
1559 1529 1642 1600 par-

219 1643 351 1730 temque
375 1635 535 1729 poasideat
559 1659 634 1708 cum
669 1636 745 1710 iuda
770 1635 957 1707 traditorem
980 1630 1105 1708 domini
1128 1635 1231 1704 nostri
1255 1631 1347 1703 ibesu
1371 1625 1482 1703 christi
1508 1639 1541 1700 et
1565 1651 1640 1704 cum

216 1761 368 1835 omnibus
383 1763 509 1838 creticis
523 1765 724 1838 tenebrosam
739 1773 825 1836 sorte
839 1763 1013 1859 possideat.
1036 1761 1171 1854 insuper
1187 1767 1359 1851 componat
1383 1757 1475 1828 vobis
1500 1753 1638 1826 vestris-

219 1905 284 1976 que
307 1886 444 1976 pusteris
458 1895 699 1984 memorateque
715 1897 821 1961 vestre
838 1883 1096 1981 congregationis
1112 1881 1207 1954 hauri
1230 1881 1328 1952 iivras
1352 1889 1416 1954 tres
1439 1879 1638 1976 uytbianteen

216 2009 249 2070 st
273 2024 311 2072 ee
334 2005 483 2078 chartula
507 2019 544 2079 ut
565 2031 663 2104 snper
686 2009 807 2105 legitur
828 2009 870 2080 sit
893 2008 986 2079 firma
1008 2005 1126 2099 scripta
1149 2027 1208 2099 per
1231 2025 1345 2078 manus
1367 2005 1466 2100 sergii
1482 2003 1641 2076 scriniarii

214 2123 285 2200 uie
308 2130 432 2204 domini
455 2132 588 2203 iohanni
613 2133 744 2204 austun
767 2155 827 2227 per
850 2139 1027 2204 memorata
1050 2127 1226 2202 indictione
1240 2125 1273 2224 †
1292 2131 1366 2201 Hoc
1379 2127 1508 2222 signum
1522 2127 1554 2225 †
1569 2151 1641 2200 mae

213 2275 275 2328 nus
296 2261 484 2331 manentis
507 2259 631 2354 iugales
653 2261 745 2356 qnod
768 2283 831 2356 ego
853 2261 912 2358 qui
936 2269 1134 2335 memoratos
1161 2285 1222 2356 pro
1245 2262 1292 2333 eis
1315 2260 1490 2354 subscripsi
1512 2261 1545 2356 †

305 2385 338 2474 †
360 2389 432 2477 Ego
455 2387 613 2456 iohannes
636 2385 767 2454 curialis
790 2387 881 2456 testis
902 2387 1078 2478 subscripsi
1101 2391 1133 2482 †

306 2505 338 2598 †
362 2505 434 2598 Ego
458 2505 629 2600 gregorius
652 2503 799 2577 curialia.
828 2508 918 2578 testis
941 2508 1113 2601 subscripsi
1133 2507 1165 2599 †

309 2633 426 2725 †ego
450 2639 559 2725 petrus
581 2629 670 2704 tilius
693 2629 818 2702 domini
841 2629 955 2701 cesarfi
979 2633 1053 2704 testi
1077 2631 1255 2728 subscripsi
1278 2633 1310 2729 †
1447 2661 1449 2666 ·

290 2755 339 2855 '†
361 2759 434 2852 Fgo
456 2758 613 2830 iobannes
635 2757 775 2833 curialis
798 2757 969 2852 Compleui
1000 2769 1034 2830 at
1061 2759 1207 2833 babsolvi
1241 2783 1299 2854 per
1321 2774 1498 2836 memorata
1521 2777 1639 2860 quarta

212 2882 387 2959 indictione
412 2885 443 2978 †
