4934 6532
900 697 1045 792 (sor)

258 873 338 944 milri
374 893 558 965 congruum
591 867 660 940 luit.
685 862 759 936 teci.
794 871 827 929 et
857 867 889 928 te
913 863 1042 949 peuum
1072 854 1235 926 nourium
1259 851 1317 944 qui
1344 849 1518 924 interfuisti
1543 851 1685 922 resiluere

258 1000 384 1094 rogeri.
408 999 528 1092 Cnpue.

353 1123 384 1219 †
408 1143 472 1214 ego
495 1119 647 1214 eydullus
670 1117 772 1190 index

351 1242 383 1338 †
406 1265 469 1338 eqo
492 1241 619 1314 ulerieo

353 1367 384 1461 †
408 1392 470 1463 eqo
495 1365 662 1463 ieqnintue

841 1891 1077 1965 cocnxxtu.
1173 2001 1178 2010 Ι

355 2120 446 2216 †ln
477 2124 610 2194 nomine
643 2123 766 2196 domiui
797 2121 851 2195 dei
885 2121 1052 2192 salvatoris
1082 2117 1185 2190 nostri
1214 2117 1311 2190 ihesu
1334 2115 1482 2188 Christi:
1508 2115 1690 2210 imperante

260 2243 394 2314 domino
417 2257 528 2317 nosne
551 2247 757 2320 constentino
781 2269 904 2342 magno
927 2249 1125 2342 Imperatore
1148 2269 1237 2316 enno
1259 2245 1428 2316 mundo:
1456 2245 1508 2314 die
1535 2239 1689 2313 viees'mr

261 2369 395 2462 septime
420 2373 538 2442 mensis
561 2373 686 2442 mertii.
710 2373 887 2443 indictione
911 2373 1104 2442 duodecime
1127 2371 1279 2466 neapoli:
1305 2371 1439 2445 Certum
1464 2379 1512 2442 est
1536 2391 1597 2441 nos
1613 2391 1690 2439 me-

261 2493 352 2562 riuus
376 2513 486 2562 eomes
511 2493 597 2566 lilius
621 2493 788 2587 quondum
811 2517 896 2566 vone
921 2495 1158 2566 reeordationis
1181 2497 1306 2566 domini
1329 2497 1447 2588 sergii.
1479 2497 1514 2566 iu
1539 2497 1592 2567 dei
1616 2519 1685 2567 no·

263 2617 350 2688 mine
373 2629 407 2690 et
431 2616 673 2688 minentissimis
696 2615 810 2689 consul
834 2626 867 2689 et
890 2616 960 2688 dux
984 2618 1192 2710 postmodum
1207 2637 1288 2688 rere
1306 2616 1472 2686 monaehi.
1497 2619 1688 2707 Apresenti

263 2745 315 2816 die
340 2745 558 2840 promtissima
582 2745 759 2818 volumnus
782 2745 939 2841 promitto
955 2745 1049 2816 vobin
1074 2745 1208 2818 domino
1221 2743 1385 2816 laurentio
1401 2741 1598 2817 venerabilis
1615 2743 1690 2838 iqu-

261 2897 378 2948 menus
402 2875 587 2948 monosterii
610 2875 918 2970 sumturum-sergii
943 2886 976 2948 et
999 2873 1114 2948 vuelli:
1141 2876 1201 2972 qui
1224 2897 1312 2950 nune
1335 2881 1552 2969 congregetur
1576 2883 1624 2946 est
1652 2875 1687 2946 iu

264 3005 463 3076 monasterio
485 3013 671 3076 sanctorum
695 3003 844 3078 theodori
867 3012 901 3075 et
922 3004 1093 3078 mhffleni
1116 3006 1175 3101 qui
1199 3004 1379 3100 adpellitur
1402 3003 1563 3096 msapietr
1588 3001 1688 3074 sitnm

264 3126 299 3198 in
324 3125 548 3200 viridiarium:
575 3139 608 3202 et
632 3139 664 3202 nt
687 3141 785 3204 eunte
809 3141 916 3204 ennete
941 3143 974 3202 et
989 3129 1169 3206 venemiti
1181 3139 1287 3204 vestre
1304 3128 1591 3222 eongregrtionem
1608 3147 1689 3198 mo-

265 3247 443 3320 nachorum
475 3252 645 3324 memorati
679 3255 779 3325 seneli
804 3264 837 3325 et
860 3253 1054 3328 venerabilis
1078 3256 1179 3332 ventri
1203 3252 1414 3326 monosterii:
1441 3275 1483 3322 eo
1507 3251 1595 3345 quod
1622 3273 1685 3344 ego

265 3376 407 3468 quesivit
438 3388 619 3449 memorato
649 3387 760 3450 vestro
787 3379 984 3450 monisterio
1007 3389 1045 3450 ut
1066 3379 1157 3451 omni
1182 3401 1288 3450 renue
1312 3375 1388 3446 dure
1412 3373 1530 3446 solitos
1553 3383 1603 3444 eet
1627 3395 1686 3468 per

263 3501 529 3576 consuetudinem
553 3501 588 3574 in
610 3501 718 3597 ipsum
741 3504 932 3576 comitatum
955 3527 1067 3578 meum
1090 3505 1131 3578 de
1154 3513 1261 3577 metm
1284 3523 1426 3576 eumerm
1447 3521 1532 3596 qum
1557 3523 1619 3596 ego
1642 3511 1691 3572 te-

264 3653 341 3702 nere
364 3631 478 3704 videor
500 3652 565 3702 une
589 3634 742 3704 trieteris
766 3633 807 3705 de
830 3635 944 3706 vinnm
968 3635 1129 3707 mundum
1154 3641 1293 3707 uectum
1309 3653 1415 3725 usqne
1433 3627 1524 3700 intur
1540 3629 1611 3722 ipso
1628 3651 1691 3698 eu-

265 3765 334 3826 stro
356 3764 467 3826 nostro
490 3777 665 3828 commune
688 3779 750 3850 prn
773 3755 829 3826 ille
852 3755 1034 3830 obedientie
1058 3765 1165 3828 vestre
1189 3777 1256 3848 qne
1280 3751 1380 3824 ruem
1404 3753 1438 3824 in
1454 3753 1528 3824 loeo
1544 3753 1604 3847 qui
1618 3775 1687 3824 vo-

265 3895 358 3956 cetur
380 3894 498 3980 qnertu
522 3885 665 3958 maiorer
692 3897 724 3956 et
748 3907 823 3979 pers
845 3897 955 3960 entem
978 3897 1083 3958 vestre
1107 3887 1234 3958 dieevet
1257 3893 1296 3956 nt
1318 3907 1385 3955 non
1402 3895 1478 3956 exet
1494 3883 1553 3955 ite:
1572 3893 1693 3978 etpost

265 4011 326 4084 lree
351 4023 458 4086 eutem
482 4013 603 4106 pleeuit
625 4011 707 4094 milri
731 4037 800 4108 quo
816 4037 876 4108 pro
893 4015 1018 4086 domini
1034 4037 1180 4087 amorem
1195 4023 1229 4084 et
1243 4013 1475 4104 redemptionis
1492 4011 1600 4082 enime
1615 4034 1691 4085 mee

267 4149 305 4208 ut
328 4161 391 4232 ego
415 4135 587 4210 vobiscum
618 4137 737 4208 exinde
767 4135 888 4208 nnllam
919 4135 1131 4206 intentionem
1158 4133 1277 4206 eluere:
1304 4143 1354 4204 ret
1377 4134 1485 4204 tenere
1508 4131 1602 4204 rolris
1624 4155 1688 4228 eqo

265 4267 383 4340 exinde
405 4264 552 4338 ehrrtuln
576 4263 755 4336 offertionis
779 4273 816 4333 nt
839 4263 895 4334 hie
919 4273 952 4333 et
977 4263 1062 4356 epod
1092 4271 1242 4333 eternum
1265 4259 1438 4332 dominum
1461 4261 1611 4355 requiem
1634 4262 1693 4333 in-

265 4397 378 4467 venire
401 4394 540 4466 veleem:
566 4393 681 4464 deinde
699 4403 811 4488 elego
827 4415 886 4486 per
901 4415 962 4463 une
977 4389 1122 4464 eluertuln
1146 4392 1234 4465 edio
1251 4390 1410 4486 presentis
1427 4391 1530 4463 oll'ero
1548 4401 1582 4466 et
1595 4391 1690 4465 orto

265 4519 358 4590 vohis
382 4531 414 4619 el
437 4543 496 4612 per
519 4541 578 4592 vus
601 4521 635 4592 in
658 4515 773 4590 eodem
796 4527 907 4590 saneto
930 4529 963 4590 et
985 4517 1164 4592 venerabili
1189 4529 1297 4590 vestro
1313 4519 1513 4590 munasterio
1537 4517 1605 4611 ipse
1625 4529 1693 4588 tre-

264 4643 367 4714 etorir
391 4641 432 4713 de
456 4641 572 4714 vinum
595 4653 632 4714 ut
654 4665 752 4738 snper
774 4641 917 4738 legiturz
941 4651 974 4713 et
996 4665 1057 4718 nee
1080 4665 1144 4738 ego
1166 4665 1226 4714 nee
1251 4642 1389 4737 porteris
1404 4643 1488 4716 meis
1505 4644 1565 4739 qni
1583 4645 1693 4737 ipsun

265 4767 433 4842 errulum
456 4790 665 4843 eummenum
686 4770 851 4844 tenuerint
870 4793 931 4843 nee
953 4771 1072 4843 nostris
1096 4769 1255 4842 ordinetis
1280 4794 1421 4867 querere
1436 4771 1529 4846 illem
1546 4793 1613 4847 nou
1629 4771 1693 4844 ‹n-

266 4895 399 4966 denmun
430 4917 492 4966 nee
523 4915 663 4989 querere
695 4894 851 4968 lenimus
882 4893 978 4966 vonis
1000 4893 1206 4990 paterisque
1230 4897 1346 4968 vestris
1370 4907 1428 4970 rut
1451 4898 1487 4970 in
1503 4909 1693 4990 ¹mensurato

265 5027 374 5092 vestro
397 5019 591 5094 munutmio
615 5043 675 5092 nee
698 5021 734 5092 in
762 5027 938 5093 memoratu
954 5017 1138 5092 obedientie
1155 5029 1261 5091 vestre
1277 5043 1336 5115 per
1351 5021 1593 5118 qualecumque
1610 5045 1691 5094 mo·
