4888 6528
865 624 1009 722 (eor)

250 786 510 868 marmoreae
536 803 596 862 teu
619 783 800 856 dentone.
830 779 1013 878 Aliqumdo
1041 777 1195 882 rolurnue
1226 785 1345 858 reuerti
1367 785 1402 858 in
1425 784 1493 882 iper
1525 788 1671 884 predicte

250 916 409 992 edente
432 911 501 984 Ant
521 907 675 983 volum
706 903 820 981 tollere
853 905 926 1001 ipen
947 905 1094 1000 predicto
1117 907 1208 982 vino.
1241 911 1373 985 Abeatin
1395 933 1455 988 roe
1485 917 1543 1012 qui
1575 937 1671 1010 mpm

251 1037 384 1114 domino
406 1036 460 1108 leo
482 1032 593 1108 nobo
615 1053 674 1107 eeu
696 1035 806 1103 veno
827 1037 973 1125 posteros
995 1051 1195 1108 euroeam
1225 1033 1279 1107 rel
1302 1035 1533 1135 qualicumque
1564 1041 1672 1133 priore

251 1183 321 1239 eaeo
342 1159 472 1236 videtur
493 1157 528 1230 in
551 1153 695 1253 predicto
720 1155 917 1228 monum-io
943 1157 1045 1230 nancti
1068 1157 1182 1255 angeli.
1206 1158 1348 1232 Licentia
1373 1167 1407 1231 ct
1428 1169 1598 1254 poteaotea
1622 1183 1675 1231 re-

251 1298 377 1364 vertere
400 1288 436 1360 in
459 1283 601 1383 predico
632 1283 727 1358 vinea
760 1291 794 1354 et
818 1292 902 1355 terre
933 1304 1045 1358 uacua.
1072 1261 1168 1382 quod
1186 1307 1245 1358 voe
1268 1283 1360 1358 nobie
1391 1285 1527 1358 donanti.
1553 1293 1586 1357 et
1607 1287 1674 1380 ipsa

254 1413 365 1488 cehrta
390 1413 480 1512 quod
503 1433 562 1488 voe
585 1409 680 1484 nobie
703 1405 819 1483 exinde
834 1406 945 1484 iecisti.
968 1411 1004 1484 in
1020 1435 1224 1510 quecumque
1246 1435 1345 1518 manu
1364 1413 1546 1512 apparuerit
1575 1413 1677 1486 menie

256 1549 290 1611 et
313 1559 416 1612 vacua
442 1557 512 1610 enee
534 1533 674 1608 videtur.
697 1529 741 1603 Εί
764 1540 837 1628 poet
859 1535 932 1608 lree.
956 1535 1073 1606 Nostra
1096 1535 1226 1608 emieaio
1245 1558 1303 1609 acu
1323 1537 1463 1611 donatio.
1485 1541 1577 1612 firma
1597 1559 1679 1632 per·

254 1675 380 1740 maneat
401 1665 437 1738 in
460 1670 663 1760 perpetuum.
884 1641 894 1656 ’

350 1788 473 1883 Scripta
494 1807 554 1883 per
576 1799 704 1864 noetme
726 1811 859 1887 rogoin
884 1781 1031 1860 iohannis
1047 1803 1137 1857 eaeor
1153 1785 1255 1857 scriba
1271 1786 1369 1860 hedua
1398 1795 1503 1860 caeno
1516 1787 1549 1860 in
1571 1810 1679 1862 menne

257 1921 290 1985 et
312 1913 488 1986 indictione
511 1915 738 2012 suprascripta.
835 1917 837 1922 ’

354 2036 386 2132 †
410 2035 547 2134 Signum
571 2061 672 2112 manu
694 2037 853 2113 iendoltua
877 2047 973 2111 centu
995 2037 1143 2115 hominen
1165 2051 1297 2139 rogatus
1320 2045 1416 2118 tertie

354 2165 387 2262 †
410 2165 549 2261 Signum
573 2187 673 2240 mann
695 2165 846 2244 iohannis
869 2166 911 2239 de
933 2167 1018 2264 petri
1044 2177 1176 2264 rogatus
1201 2169 1299 2244 teatin.

353 2291 386 2390 †
410 2293 546 2389 Signum
569 2313 670 2365 manu
693 2294 872 2366 omeentio
895 2300 1028 2387 rogetus
1045 2293 1144 2366 tentia.

357 2417 389 2509 †
411 2415 548 2508 Signum
570 2435 671 2486 menn
695 2415 804 2486 oanldo
827 2422 958 2508 rogatus
975 2418 1074 2486 testie.
1196 2511 1203 2524 Ι

832 2820 1058 2896 CCCXXXIX.

364 3077 395 3174 †
412 3079 449 3149 ln
465 3077 596 3149 nomine
612 3073 734 3148 domini
749 3073 802 3148 dei
816 3073 983 3148 salvatoris
997 3074 1100 3146 neetri
1116 3069 1210 3147 ihesu
1227 3071 1344 3148 Christi
1361 3074 1539 3171 imperante
1554 3073 1686 3146 domino
1785 3083 1845 3152 An.

268 3210 380 3273 noetro
405 3197 604 3270 constentino
629 3219 748 3292 magno
774 3198 967 3292 imperatore
995 3219 1080 3267 anno
1102 3197 1303 3290 sexagesimo
1317 3199 1453 3293 quinto:
1479 3195 1532 3268 die
1555 3197 1688 3290 septima
1767 3215 1874 3283 1028.

266 3325 387 3400 mensio
411 3325 514 3420 magii
538 3323 714 3396 indictione
736 3324 907 3398 undecima
930 3325 1072 3420 neapoli:
1098 3317 1229 3396 Certum
1252 3337 1300 3398 eet
1315 3349 1368 3399 me
1384 3325 1577 3420 stephanum
1600 3347 1681 3418 pre-

265 3451 431 3550 myrorum
454 3449 558 3524 filium
581 3451 744 3546 quondam
765 3449 849 3547 petri
872 3461 981 3524 oustue
1006 3475 1083 3524 vero
1100 3451 1232 3527 ecclesie
1257 3455 1357 3526 saneti
1381 3453 1527 3526 iohannis
1542 3453 1600 3549 qui
1626 3473 1691 3522 vo-

267 3583 358 3646 catur
380 3571 416 3644 iu
438 3581 530 3644 curte
553 3571 685 3666 regione
708 3585 801 3667 porta
824 3575 991 3647 nobeme:
1024 3578 1056 3649 A
1079 3580 1220 3672 presenti
1245 3579 1297 3650 die
1319 3581 1536 3672 promtissima
1559 3577 1692 3648 volum·
1809 3564 1814 3577 ⁴

266 3711 368 3772 tatem
393 3699 553 3796 promicto
576 3693 672 3772 vobio
695 3699 828 3774 domino
851 3701 958 3796 sergio
975 3711 1008 3773 et
1034 3703 1164 3774 domina
1189 3675 1366 3799 heupraxia
1383 3705 1518 3776 uterinis
1535 3703 1694 3800 germanie

270 3827 344 3900 tiliis
375 3829 538 3923 quondam
572 3827 696 3899 domini
729 3827 876 3901 iohannis
908 3830 965 3926 qui
999 3831 1061 3926 fuit
1100 3831 1167 3904 filio
1197 3833 1359 3928 quondam
1384 3831 1508 3904 domini
1532 3829 1630 3924 sergii
1654 3829 1694 3899 de

276 3955 410 4026 domino
433 3953 574 4026 dometio
598 3954 638 4028 de
661 3954 796 4030 eborei:
819 3965 857 4028 tu
880 3968 1062 4029 memorato
1085 3957 1218 4030 domino
1242 3961 1349 4052 sergio
1373 3979 1434 4050 pro
1459 3957 1530 4026 vice
1552 3963 1585 4023 et
1607 3975 1687 4049 por-

271 4079 359 4184 tione
384 4087 439 4152 tua
462 4101 555 4153 ceum
580 4089 613 4153 et
639 4103 700 4176 pro
723 4081 794 4154 vice
826 4090 859 4152 et
890 4081 1039 4174 portione
1070 4079 1194 4152 domini
1225 4079 1374 4152 iohannis
1406 4079 1524 4150 uterini
1552 4081 1695 4170 germani

271 4203 413 4298 iniqui
437 4201 519 4274 educ
541 4203 625 4276 inire
648 4211 766 4275 etatem
790 4226 854 4275 exe
878 4201 1009 4274 videtur
1040 4209 1073 4273 et
1099 4211 1136 4274 tn
1159 4209 1336 4273 memorata
1369 4200 1500 4272 domina
1517 4199 1696 4296 heupraxie

279 4349 355 4404 eum
379 4327 590 4403 volumtatem
613 4329 738 4404 domini
762 4327 905 4425 gregorii
930 4326 997 4401 filio
1020 4329 1154 4426 quidem
1181 4327 1307 4404 domini
1329 4331 1413 4425 petri
1435 4329 1518 4401 runai
1542 4329 1604 4400 viri
1623 4331 1694 4403 tui:
1742 4379 1743 4383 ,

273 4467 406 4554 propter
436 4457 562 4556 integra
592 4457 740 4554 portione
770 4463 803 4530 et
834 4455 1040 4554 pertinentiae
1071 4467 1176 4531 vestm
1208 4459 1249 4530 de
1270 4465 1446 4558 memorata
1469 4457 1592 4550 integra
1631 4477 1692 4526 eo-

276 4585 376 4657 cieein
415 4609 589 4660 commune
612 4595 718 4658 vetra
741 4599 774 4658 et
797 4584 838 4657 de
860 4583 975 4657 ceteris
990 4585 1191 4660 consortibus
1206 4585 1320 4659 vente
1343 4585 1382 4659 de
1397 4598 1553 4682 quantum
1566 4593 1702 4679 etquo-

276 4713 376 4784 rnodo
400 4711 493 4785 vobis
515 4711 633 4798 exinde
655 4711 793 4808 pertinet
816 4717 873 4782 aut
907 4709 1101 4807 pcrtinentee
1124 4710 1224 4784 ίίτοτίτ
1245 4733 1305 4807 per
1328 4709 1447 4808 quodie
1474 4708 1610 4782 modum
1633 4727 1699 4781 una

285 4859 361 4910 euna
384 4837 512 4934 integre
533 4837 683 4934 portione
705 4845 738 4910 et
759 4835 968 4932 pertinentiae
990 4843 1098 4910 aetra
1120 4833 1160 4907 de
1184 4835 1335 4909 domibus
1357 4843 1391 4908 ct
1411 4833 1501 4908 celiis
1520 4834 1609 4908 etde
1625 4833 1699 4904 abi-

287 4960 459 5035 tatiouibua
482 4971 515 5034 et
537 4963 577 5036 de
600 4959 751 5035 onrnrirun
773 4959 871 5036 rebna
892 4969 924 5034 et
939 4959 1125 5040 mietnntiie
1138 4959 1158 5026 i:
1191 4944 1238 5054 'ie
1255 4959 1340 5041 dicte
1363 4957 1494 5032 eccieeie
1510 4959 1703 5054 pertinenter
