4934 6532
1400 588 1545 683 (soe)

777 763 902 856 busque
917 779 936 832 s
950 759 1127 830 memorate
1149 748 1274 820 iaetus
1297 743 1461 838 portiones
1476 743 1519 814 dc
1535 750 1714 814 memorio
1728 746 1863 818 ecclesis
1881 750 1979 844 ipsius
1996 761 2095 830 vestri
2113 784 2193 834 mo·

777 887 907 959 nestorii
929 903 988 974 per
1009 874 1126 970 quobis
1148 871 1283 944 modum
1306 867 1537 964 pcrtinentibus
1561 866 1621 937 ubi
1645 867 1782 950 domino
1805 873 1966 950 volentem
1989 905 2042 953 me
2066 887 2191 958 ibidem

778 1010 942 1082 custodem
965 997 1181 1074 ordinastitist
1207 998 1241 1068 in
1265 1019 1306 1069 eo
1329 995 1416 1068 enim
1440 1003 1552 1064 tenore
1574 1001 1735 1087 quotenus
1761 1021 1778 1066 s
1804 1021 1890 1070 nunc
1906 1015 1938 1074 et
1951 1007 2099 1080 omnibns
2115 1014 2193 1083 die.

777 1137 838 1204 bus
859 1133 925 1203 vite
947 1149 1019 1200 mee
1042 1127 1077 1197 in
1101 1147 1172 1195 mea
1195 1125 1259 1193 sint
1281 1128 1470 1216 potsststcm
1495 1141 1551 1190 eos
1575 1122 1711 1194 tenendi
1735 1135 1768 1193 et
1792 1127 1982 1200 dominandi
2006 1155 2098 1204 scum
2122 1139 2196 1205 tru-

777 1250 908 1350 giondi:
938 1261 971 1320 ct
1002 1249 1037 1318 in
1071 1247 1183 1319 cadom
1210 1243 1343 1316 ecclesio
1372 1242 1425 1312 die
1448 1250 1613 1336 noctuque
1637 1265 1770 1316 omnem
1793 1247 1936 1320 officium
1962 1255 2195 1326 sacerdotalem

780 1379 886 1448 tacere
911 1383 966 1446 nut
987 1375 1094 1443 lnoerc
1116 1368 1272 1438 iaciamus
1296 1366 1359 1436 hoc
1375 1375 1425 1436 est
1438 1384 1590 1458 vespcws
1605 1373 1638 1437 ct
1654 1367 1829 1440 matutinos
1845 1392 1936 1442 scum
1953 1374 2125 1446 missurum
2138 1400 2194 1446 so-

777 1503 910 1574 lemnius
934 1511 968 1570 et
985 1500 1051 1570 oris
1067 1495 1233 1568 leudibus:
1261 1493 1543 1568 lumminmiorum
1567 1515 1647 1564 vero
1662 1496 1915 1570 concinnationis
1930 1502 1999 1572 sine
2015 1525 2072 1572 orn
2089 1507 2191 1576 tacere

780 1650 813 1702 et
828 1631 958 1701 exiverc
973 1626 1145 1699 debeamus
1160 1633 1198 1695 nt
1214 1633 1291 1718 nput
1307 1622 1405 1693 deum
1418 1629 1451 1694 ot
1466 1641 1577 1691 coram
1592 1621 1787 1692 omminibns
1811 1624 1904 1694 uobis
1927 1628 2045 1698 exinde
2069 1631 2135 1702 laus
2159 1641 2192 1702 et

784 1753 901 1823 mercis
924 1756 1091 1822 summat:
1117 1756 1151 1818 ct
1173 1743 1401 1840 quodcumque
1424 1742 1459 1812 in
1482 1751 1659 1814 memorato
1677 1743 1807 1814 ecclesis
1830 1755 1885 1814 cut
1900 1748 1935 1816 in
1950 1749 2020 1820 cius
2037 1751 2192 1823 abitatio-

780 1881 874 1951 nibus
899 1889 930 1947 st
953 1874 1165 1948 concisndum
1188 1881 1221 1943 et
1243 1871 1465 1943 trevicandum
1488 1869 1616 1942 nbucris
1638 1891 1701 1964 ogo
1724 1869 1798 1940 illut
1821 1873 1968 1946 concinno
1985 1887 2017 1946 ct
2031 1879 2189 1948 travicnre

779 2007 893 2078 &beas
916 2003 1081 2098 quomodo
1104 2002 1226 2072 iustum
1249 1999 1348 2070 meris
1371 2005 1404 2068 st
1426 1998 1600 2070 manerio:
1629 2006 1662 2068 ct
1685 1997 1794 2068 omnia
1813 2001 2042 2096 quodcumque
2066 2003 2187 2074 ibidem

778 2133 928 2204 offertum
952 2130 1004 2201 vel
1028 2129 1139 2199 dotum
1163 2127 1261 2198 luerit
1284 2125 1353 2196 sive
1377 2149 1396 2192 a
1420 2125 1544 2196 viribus
1566 2123 1619 2196 uel
1642 2124 1860 2196 omulieribus
1875 2129 1902 2198 si
1919 2129 2016 2200 luerit
2031 2131 2190 2202 mobilem

782 2259 817 2328 in
840 2277 911 2328 mss
935 2257 1000 2326 sint
1022 2261 1210 2348 potestatem
1234 2251 1460 2346 faciendique
1483 2251 1637 2324 volonno:
1664 2252 1813 2324 cientem
1835 2251 1988 2324 inmobile
2008 2256 2107 2324 tuerit
2132 2266 2190 2326 aut

782 2394 881 2451 terras
904 2377 957 2449 vel
981 2377 1044 2463 tole
1060 2397 1154 2448 ceusu
1168 2397 1228 2468 pro
1245 2375 1493 2446 borusmentum
1511 2375 1551 2444 de
1568 2383 1745 2446 memorata
1761 2373 1893 2446 ecclesis
1909 2384 1981 2467 post
1995 2397 2106 2448 meum
2120 2377 2190 2448 obi·

780 2511 850 2570 tum
880 2499 1000 2568 ibidem
1031 2517 1196 2566 remancre
1220 2493 1356 2566 debens:
1392 2504 1425 2565 et
1446 2516 1507 2589 pro
1531 2493 1692 2568 elimoniis
1715 2495 1796 2568 mois
1821 2494 1977 2568 dedistitis
2001 2507 2034 2566 et
2056 2500 2186 2572 tradidi-

781 2625 862 2697 stitis
886 2621 967 2695 mibi
993 2629 1026 2692 et
1049 2643 1161 2694 omnes
1185 2619 1379 2694 hereditates
1402 2630 1436 2691 ct
1459 2622 1574 2694 domos
1597 2630 1629 2692 ct
1651 2621 1740 2694 cellis
1762 2631 1795 2692 et
1819 2621 2046 2694 abitationibus
2071 2635 2103 2693 et
2126 2647 2189 2694 or-

783 2759 853 2820 tuas
877 2759 909 2820 et
932 2748 1097 2822 codicibus
1120 2758 1153 2822 et
1175 2748 1370 2820 ornnmcutis
1390 2748 1493 2844 ipsius
1519 2750 1604 2822 dicte
1631 2751 1795 2843 portiones
1810 2750 1849 2821 de
1864 2761 2037 2822 memorata
2054 2751 2187 2822 ccclesia

784 2877 1016 2970 pertinentibus
1039 2877 1126 2948 intus
1140 2885 1173 2947 ct
1188 2877 1266 2948 ioris
1282 2899 1341 2970 per
1360 2876 1478 2972 quobis
1500 2877 1635 2950 modum
1657 2887 1695 2948 ut
1716 2899 1812 2972 snper
1836 2878 1977 2972 legitur:
2004 2888 2041 2948 ut
2063 2880 2097 2948 in
2112 2901 2184 2950 men

786 3009 893 3080 cuntis
916 3006 1028 3078 diebus
1051 3005 1118 3078 vite
1140 3027 1212 3078 mee
1234 3005 1299 3076 sint
1320 3014 1510 3100 potsststcm
1524 3005 1654 3080 mendi
1668 3017 1702 3078 et
1716 3007 1903 3080 dominandi
1917 2989 2186 3098 senm'trugiandi

789 3143 821 3202 ct
853 3131 1020 3202 levorsndi
1044 3141 1075 3202 et
1098 3142 1130 3202 rt
1152 3131 1364 3204 lurorsndum
1387 3133 1485 3206 dmdi
1511 3133 1634 3228 ubsque
1656 3135 1805 3229 scriptis:
1832 3135 1966 3208 inferius
1989 3145 2022 3205 ct
2044 3132 2189 3225 superius

786 3253 859 3326 illos
891 3257 1019 3329 boendi
1043 3266 1075 3330 ct
1099 3257 1292 3330 comedendi
1318 3268 1352 3328 et
1374 3257 1416 3328 de
1438 3258 1523 3350 ipsos
1546 3260 1672 3354 longios
1695 3258 1833 3332 trdend
1857 3259 1973 3334 exinde
1996 3258 2104 3330 omnia
2128 3279 2190 3352 que

703 3383 709 3394 '
782 3379 917 3453 voluero
941 3382 1028 3454 unde
1051 3379 1173 3452 nullom
1196 3379 1279 3452 mibi
1302 3379 1418 3452 existe
1442 3401 1508 3452 uon
1532 3381 1667 3456 tollatis:
1694 3393 1728 3454 et
1751 3384 1843 3456 omui
1867 3404 1973 3454 annuc
1995 3405 2057 3474 ego
2082 3383 2188 3452 cuntis

781 3502 894 3576 diebus
917 3505 985 3576 vito
1005 3527 1078 3578 msc
1102 3505 1196 3576 uobis
1220 3504 1402 3600 vernoque
1426 3504 1564 3598 posteris
1588 3519 1620 3578 et
1633 3506 1667 3576 in
1680 3517 1858 3580 memorato
1875 3517 1980 3578 vestro
1994 3503 2191 3574 monasterio

784 3637 900 3710 exinde
934 3638 1011 3708 dore
1043 3648 1077 3711 ct
1099 3638 1239 3731 dirigere
1262 3639 1434 3713 dcbenmus
1457 3640 1545 3712 intus
1569 3652 1745 3714 memorrto
1769 3649 1875 3712 vestro
1898 3639 2095 3713 monaterio
2122 3659 2181 3729 per

788 3753 985 3832 nativitatem
1017 3760 1139 3834 domini
1161 3761 1283 3833 oblutus
1305 3764 1410 3858 paries
1433 3775 1522 3836 tren
1545 3775 1577 3836 et
1600 3766 1635 3836 in
1657 3772 1803 3836 sendum
1826 3757 1953 3857 possem
1977 3763 2011 3832 iu
2035 3783 2186 3832 resurre-

788 3885 894 3960 ctione
916 3887 1184 3976 momentosas
1207 3890 1312 3984 peries
1336 3891 1420 3964 dos:
1446 3900 1480 3964 et
1501 3891 1591 3964 omni
1615 3913 1720 3982 nonne
1744 3911 1801 3986 per
1818 3889 1885 3962 iobi
1901 3888 2113 3960 discinctum
2130 3910 2187 3980 pc·

781 4013 883 4086 stilles
915 4015 1061 4109 viginti:
1097 4019 1166 4090 sinc
1189 4019 1279 4091 omni
1303 4019 1552 4092 amaricatione:
1590 4028 1622 4090 ct
1646 4017 1736 4090 omni
1760 4039 1864 4090 annue
1888 4019 1993 4088 iecere
2016 4015 2190 4086 debcrmus

780 4136 858 4209 slirs
885 4161 997 4212 omncs
1021 4155 1188 4216 consuens
1216 4147 1256 4219 ds
1279 4157 1458 4220 memorum
1484 4143 1619 4218 ecclesio
1641 4143 1737 4218 sicuti
1761 4145 1803 4216 dr
1829 4151 1936 4214 vetere
1963 4140 2049 4212 fuit:
2074 4150 2108 4209 ct
2132 4139 2187 4208 ubi

777 4266 911 4336 domino
938 4267 1093 4358 placuerit
1116 4283 1150 4343 ct
1179 4273 1226 4346 illi
1247 4275 1407 4355 maledicti
1430 4275 1607 4346 lormnnnis
1630 4274 1748 4355 exiens
1770 4273 1811 4344 do
1835 4271 1953 4344 liburie
1976 4278 2012 4340 ut
2035 4265 2184 4351 resolbat,-

776 4389 911 4460 serimm
944 4392 1039 4464 terris
1071 4395 1112 4467 de
1134 4397 1269 4470 liburias
1292 4411 1369 4474 tuuc
1391 4419 1454 4495 ego
1478 4401 1513 4470 in
1539 4407 1604 4470 tots
1628 4407 1806 4470 memorato
1828 4395 1962 4468 enclesis
1985 4391 2058 4464 dore
2081 4387 2183 4460 debeo

776 4512 845 4584 ruri
869 4513 988 4587 solidos
1010 4521 1193 4613 quindecim
1217 4535 1249 4594 et
1274 4527 1349 4598 inde
1371 4525 1485 4598 tollere
1508 4535 1609 4597 terres
1631 4534 1687 4594 snt
1707 4523 1823 4593 domos
1846 4522 1899 4594 vel
1923 4519 1984 4592 nte
2007 4539 2106 4590 ccmo
2129 4537 2189 4609 pro

775 4651 950 4714 memerito
974 4645 1104 4720 ecclesis
1126 4650 1169 4720 sd
1193 4651 1351 4722 avendum
1374 4652 1494 4726 ibidem
1519 4653 1554 4724 iu
1576 4650 1805 4744 sempiternum
1824 4674 1833 4720 r
1853 4657 1888 4721 et
1910 4667 1977 4719 non
2000 4643 2189 4716 abestisli-

774 4769 908 4842 cenom
933 4795 991 4844 vos
1015 4783 1070 4846 aut
1093 4779 1228 4869 posteris
1252 4782 1365 4852 vostris
1388 4781 1440 4854 uel
1462 4787 1642 4852 meinorato
1664 4789 1773 4848 uestro
1796 4775 1991 4847 monasterio
2014 4795 2068 4842 me
2083 4769 2185 4840 conos

774 4895 884 4968 diebus
908 4900 972 4972 uite
997 4911 1069 4972 mos
1086 4905 1201 4978 exinde
1215 4907 1334 4982 iocttrc
1356 4917 1411 4982 sut
1433 4907 1505 4985 illos
1529 4905 1642 4981 todem
1665 4927 1727 4979 noc
1752 4905 1840 5000 quod
1864 4904 1946 4976 obsit
1968 4898 2111 4995 qualivet
2133 4919 2192 4967 ss-
