4940 6518
1388 501 1515 600 (vm)

1257 732 1258 738 Ν
1391 793 1513 868 cocu.

692 1063 706 1084 ·
840 1051 979 1142 Serpias
1005 1053 1125 1124 Gonsnl
1148 1064 1180 1124 et
1202 1051 1289 1124 Dttm
1310 1048 1537 1147 neapolitanos
1561 1035 1804 1122 a'IIoaosterio
1829 1049 1881 1120 Ss.
1912 1049 2024 1140 Serpii
2040 1062 2072 1120 et
2087 1053 2173 1124 Bae-

744 1181 797 1246 eli
822 1181 941 1271 aceepit
960 1181 1106 1271 praelio
1123 1181 1234 1272 posita
1256 1182 1294 1250 in
1317 1173 1550 1273 campilione,
1577 1190 1609 1248 et
1631 1181 1850 1272 Lampsnae:
1879 1190 1910 1250 et
1933 1181 2105 1270 prrotonnis
2119 1203 2174 1252 re·
2226 1235 2231 1242 .

743 1310 960 1396 sponsotr'enm
987 1308 1119 1378 tradere
1143 1308 1250 1379 eidem
1273 1309 1472 1380 Moaasterio
1490 1307 1676 1403 pollicetar.

1385 1559 1521 1634 CCCIII.

781 1867 783 1872 ,
843 1821 982 1890 Ioannes
993 1819 1164 1914 presbyter
1172 1819 1339 1912 'Steplrani
1348 1821 1535 1916 presbyteri
1548 1821 1638 1914 filios
1647 1823 1809 1914 promittit
1820 1821 2016 1895 Monosterio
2028 1823 2079 1893 Ss.
2096 1824 2175 1893 Ser-

745 1951 795 2037 pii
819 1959 850 2017 et
873 1949 997 2018 Boeoti
1020 1949 1125 2018 colere
1143 1951 1325 2041 praedium
1343 1953 1488 2044 positam
1508 1951 1643 2025 Mianae
1659 1951 1705 2026 ad
1720 1951 1888 2026 Actonem
1905 1951 1987 2024 loris
2004 1950 2168 2069 Iluvium3

746 2084 776 2141 et
801 2094 928 2142 annuas
948 2076 1187 2165 praestationes
1210 2078 1343 2164 afferre.

1242 2263 1246 2266 -
1399 2325 1533 2400 oeclv.

847 2583 1026 2672 Greporins
1050 2584 1145 2652 Petri
1167 2581 1257 2672 filias
1281 2582 1401 2675 accipit
1424 2583 1465 2652 ol
1488 2587 1586 2654 Anna
1609 2582 1780 2654 Ablotsssa
1802 2580 1995 2654 Monoslerr'i
2018 2579 2055 2651 S.
2086 2580 2177 2650 Gan-

749 2707 834 2774 diosi
857 2703 903 2774 ot
926 2725 1058 2778 censum
1075 2707 1222 2800 praelia
1239 2708 1350 2800 posito
1373 2708 1409 2778 in
1432 2728 1515 2800 apro
1541 2706 1668 2778 nolano.

1402 2959 1524 3035 CCCV.

848 3216 1064 3288 Gnaimarias
1095 3228 1127 3286 et
1157 3211 1297 3286 Ioannes
1327 3213 1461 3286 Salerni
1484 3214 1658 3308 Principes
1681 3213 1878 3286 Honestate
1901 3197 1943 3287 S.
1975 3209 2103 3295 Marino
2132 3211 2177 3284 ad

750 3344 866 3417 Ilicem
885 3344 1069 3438 privilegia
1093 3355 1124 3414 et
1147 3344 1369 3438 emeraptiones
1393 3343 1595 3434 lorpinatnr.

1396 3593 1530 3666 mcvn

792 3926 796 3938 ⁸
844 3851 935 3919 Inter
966 3801 1163 3919 Masonolam
1191 3845 1394 3918 Allotr'ssam
1423 3845 1615 3936 Monosterii
1646 3845 1698 3916 Ss.
1732 3845 1919 3918 Marcellini
1950 3859 1981 3917 et
2015 3849 2110 3918 Petri
2145 3861 2176 3918 et

749 3975 930 4047 Martinam
953 3975 1111 4068 Stephani
1134 3975 1327 4047 Primieerii
1340 3975 1448 4066 filiam
1463 3975 1658 4046 dividantur
1668 3976 1815 4071 praedia
1830 3973 2033 4072 Capitinieni
2043 3978 2164 4070 posito.

1389 4229 1539 4302 GCGVII.

717 4467 719 4472 ¹
842 4489 933 4558 Inter
972 4487 1112 4564 Petram
1142 4486 1424 4558 Paramitromeno
1464 4498 1495 4558 et
1529 4487 1711 4558 Martinam
1744 4485 1971 4580 preslptemm
2010 4487 2174 4560 cantem

747 4609 917 4682 Ecclesiae
949 4611 1001 4680 Ss.
1032 4609 1165 4681 nomae
1197 4621 1228 4680 et
1258 4609 1420 4682 Damiani
1441 4610 1570 4703 positae
1599 4613 1637 4682 s'n
1666 4611 1738 4681 oleo
1770 4623 1955 4703 nuncupato
1980 4611 2105 4684 Posqu
2140 4625 2172 4682 et

746 4737 963 4810 Armentano
992 4737 1162 4808 dirimitur
1193 4741 1338 4832 qnaestm
1368 4739 1411 4811 cle
1436 4739 1598 4832 praedio,
1637 4739 1724 4831 qnod
1753 4743 1889 4811 enabat
1910 4739 1947 4808 in
1972 4738 2039 4811 loeo
2062 4752 2174 4842 vocato

748 4865 876 4960 Septilo
900 4865 945 4937 ad
969 4865 1130 4938 Sanctum
1155 4865 1323 4937 sossium.
