4888 6528
828 487 1003 584 tato)

789 739 799 760 ²
843 779 1017 856 cmxvn.

251 1075 255 1082 ·
316 1052 399 1150 †ln
414 1053 546 1124 nomino
560 1045 685 1122 domini
700 1047 753 1122 dei
766 1045 934 1122 salvatoris
950 1043 1054 1120 nostri
1068 1046 1165 1120 lhesu
1180 1045 1301 1121 emota·
1313 1047 1495 1142 imperante
1510 1047 1645 1123 domino
1741 1051 1803 1154 dn.

223 1186 336 1252 nostro
353 1175 467 1248 basilio
481 1196 601 1270 magno
617 1173 814 1270 imperatore
839 1194 924 1246 anno
942 1171 1143 1270 sexagesimo
1157 1171 1286 1266 primo:
1311 1173 1367 1246 sed
1385 1185 1421 1246 et
1445 1172 1645 1248 constantino
1723 1188 1832 1249 tono.

221 1311 322 1380 frater
338 1305 409 1378 eius
422 1325 543 1399 magno
558 1303 755 1397 imperatore
772 1323 858 1376 anno
871 1301 1145 1398 quiuquagesimo
1159 1300 1322 1374 hoctabo:
1344 1301 1406 1373 Dio
1425 1324 1511 1374 nona
1539 1305 1643 1375 mensi

221 1429 400 1506 decembrii
414 1429 589 1502 indictione
601 1436 718 1524 quarta
732 1425 883 1522 neapolis
908 1426 1043 1500 Certum
1066 1435 1115 1500 est
1128 1447 1189 1498 nos
1206 1431 1368 1522 prouocati
1392 1429 1494 1501 umile
1518 1451 1643 1526 ygum-

227 1581 327 1632 meno
359 1555 548 1632 monosterii
580 1561 765 1628 sanctorum
797 1553 896 1648 sergii
920 1559 954 1626 et
976 1550 1084 1624 bachii
1107 1553 1165 1649 qui
1188 1575 1277 1626 nunc
1300 1567 1513 1652 congregatus
1535 1565 1584 1628 est
1606 1557 1641 1631 iu

224 1683 426 1760 monasterio
449 1693 634 1756 sanctorum
658 1679 811 1754 theodori
835 1689 868 1754 ot
891 1681 1061 1754 sebastiani
1085 1681 1145 1777 qui
1158 1671 1351 1752 nominator¹
1367 1683 1524 1776 casapicta
1544 1685 1643 1757 situm

214 1811 262 1908 in
277 1808 479 1884 viridiarium
495 1834 504 1880 ε
521 1831 586 1881 ιιι
603 1829 680 1882 osum
696 1815 812 1880 cuncta
823 1807 1082 1905 congregatione
1098 1807 1334 1880 monachorum
1353 1807 1526 1881 memorati
1549 1811 1650 1882 sancti

223 1945 261 2006 et
285 1931 478 2006 venerabilis
498 1933 595 2008 vestri
610 1934 820 2008 monasterii:
837 1935 868 2006 Α
882 1933 1025 2029 presenti
1041 1933 1093 2007 dic
1108 1933 1348 2030 promptissima
1371 1933 1549 2008 volumtate
1570 1957 1648 2030 pro-

221 2061 381 2136 mittimus
404 2062 466 2134 tini
478 2060 610 2134 iohanni
625 2061 822 2134 subdiacono
849 2061 1044 2133 bertmundus
1067 2061 1208 2158 glorioso
1230 2063 1394 2157 potestatis
1409 2064 1532 2136 domiui
1548 2065 1649 2162 sergii

221 2190 259 2262 in
274 2191 326 2262 dai
341 2190 474 2264 nomina
486 2188 759 2264 eminentissimus
774 2188 899 2261 consuli
918 2197 951 2261 ot
966 2187 1065 2262 duci:
1084 2188 1190 2264 filium
1205 2189 1368 2286 quondam
1392 2191 1489 2285 sergii
1509 2215 1652 2266 venera·

223 2316 300 2390 bilis
325 2317 506 2413 presbyteri
529 2316 588 2411 qui
610 2316 799 2388 nominatur
822 2309 968 2389 sordella'
981 2317 1190 2410 postmodum
1213 2339 1294 2390 vero
1317 2319 1491 2394 monachi:
1517 2329 1652 2416 propter

224 2445 353 2537 integra
368 2443 504 2516 ccclesia
516 2450 627 2515 nostra
642 2440 805 2514 vocabulo
829 2448 938 2513 sancto
961 2443 1129 2516 cumlimie
1145 2421 1406 2517 christimortira
1428 2445 1488 2540 qui
1507 2450 1568 2518 sita
1582 2467 1652 2518 esse

225 2567 348 2642 videris
369 2567 405 2640 in
426 2567 561 2663 ιιςίοιι
585 2565 726 2639 ficatiola
758 2565 844 2640 iusta
876 2589 973 2640 muno
997 2565 1150 2661 publicos
1185 2566 1251 2639 Ubi
1274 2569 1408 2641 domino
1432 2570 1494 2644 deo
1521 2569 1649 2644 volente

226 2703 261 2766 te
284 2692 406 2767 ibidem
430 2693 596 2766 custodem
614 2691 820 2788 posuimuss
845 2693 883 2764 lo
906 2715 945 2765 ea
968 2691 1119 2766 videlicet
1141 2682 1265 2764 ratione
1290 2703 1328 2765 ut
1350 2699 1388 2764 tu
1412 2693 1447 2766 in
1470 2703 1653 2766 memorato

225 2817 493 2892 ecclesianos·
516 2817 556 2889 de
579 2819 649 2892 dies
674 2827 747 2892 anto
771 2823 869 2896 horas
892 2821 944 2894 rel
969 2829 1044 2916 post
1067 2818 1148 2891 horo
1172 2841 1303 2892 omnem
1327 2819 1471 2892 officinm
1499 2819 1656 2892 mcsrdo·

226 2945 325 3020 talem
348 2948 454 3021 lacero
479 2945 600 3020 faciatis
623 2936 908 3028 lummineriorum
931 2971 1015 3022 vero·
1029 2947 1274 3021 concinnatione
1287 2947 1451 3020 celebrare
1466 2953 1498 3019 et
1521 2947 1656 3020 exirem

227 3075 372 3148 debeatis
403 3084 459 3148 aut
489 3075 593 3150 lacere
624 3075 749 3148 faciatis
780 3074 888 3151 cuntis
922 3075 1035 3154 datm
1057 3075 1124 3150 rito
1148 3081 1203 3146 tuo
1226 3083 1263 3146 ut
1286 3084 1364 3169 aput
1387 3074 1558 3146 dominum
1590 3073 1652 3146 tibi

228 3198 347 3270 mercis
370 3203 532 3269 atcrescat·
556 3206 589 3270 et
611 3221 721 3272 eoram
745 3199 911 3273 ominibus
934 3201 1027 3274 laus:
1053 3210 1087 3274 et
1108 3223 1170 3308 pro
1189 3199 1350 3274 alimoniis
1365 3201 1429 3274 tuis
1449 3201 1599 3275 dedimus
1624 3209 1658 3274 et

230 3325 425 3400 indidimus
448 3326 532 3398 libiz
557 3328 643 3400 ldcst
666 3329 832 3426 integrum
856 3338 965 3403 ortum
988 3329 1047 3427 qui
1071 3339 1118 3402 est
1142 3339 1217 3404 anto
1232 3339 1412 3404 memorata
1435 3331 1570 3403 ecclesia
1586 3353 1657 3402 no-

229 3461 298 3524 stra
320 3473 386 3525 ama
409 3475 487 3526 cum
511 3453 592 3528 oolla
615 3455 674 3550 qui
697 3466 746 3527 ost
768 3459 856 3529 intus
879 3458 1015 3531 hosdem
1037 3465 1169 3531 ortum:
1195 3479 1288 3532 soum
1311 3481 1387 3530 oum
1400 3449 1560 3553 ‘pisehina
1595 3454 1656 3552 qui

230 3577 282 3650 ini
303 3584 372 3650 est:
400 3601 571 3674 quamque.
587 3586 620 3648 et
642 3601 719 3651 cnm
742 3581 866 3674 integra
889 3575 955 3652 ιιι
977 3583 1079 3674 petias
1104 3583 1146 3653 do
1169 3591 1272 3653 terras
1296 3583 1416 3676 positos
1440 3581 1476 3652 in
1498 3582 1576 3652 loco
1594 3580 1657 3676 qui

227 3703 416 3776 nominatur
431 3703 645 3776 cdbetianun
662 3713 694 3776 et
706 3703 893 3776 nominatur
907 3714 940 3775 ιι
956 3705 1136 3778 sutanum
1150 3703 1225 3778 illut
1239 3707 1329 3802 quod
1347 3705 1479 3780 offenda
1493 3705 1658 3802 quondam

231 3833 335 3906 ιιιοιι
357 3831 416 3928 qni
431 3833 494 3906 luit
505 3855 591 3907 naor
606 3831 773 3928 quondam
787 3832 907 3907 briceri
921 3833 1115 3906 ealciolarii:
1139 3843 1173 3906 et
1188 3857 1253 3909 una
1275 3857 1353 3906 cum
1369 3833 1481 3906 omnia
1500 3841 1658 3926 quantum

215 3964 270 4032 'at
292 3958 361 4052 ipsa
385 3959 517 4031 ccclesia
540 3970 651 4033 nostra
673 3962 831 4056 pertinet:
857 3971 954 4059 ,vecta
977 3962 1151 4036 heufimiss
1179 3961 1315 4034 insimul
1338 3983 1404 4032 uua
1426 3981 1502 4030 com
1527 3957 1659 4029 arbori·
1771 3991 1776 3996 ·

229 4085 296 4156 bus
320 4084 492 4158 fructiferis
515 4086 568 4158 rel
591 4075 798 4158 infructiferis
815 4096 940 4160 etcum
956 4087 1102 4160 introitus
1127 4087 1263 4158 lucarum
1280 4097 1312 4156 et
1328 4084 1479 4157 omnibus
1494 4085 1557 4158 sivi
1576 4105 1659 4179 per-

231 4211 428 4285 tinentibus:
454 4214 496 4284 Ut
519 4212 554 4282 in
576 4224 633 4284 tua
656 4213 807 4284 omnibus
832 4215 945 4286 diebus
967 4216 1034 4288 rite
1058 4225 1114 4288 tue
1136 4215 1201 4287 sint
1225 4223 1380 4310 potestate
1397 4213 1528 4286 tenendi
1543 4223 1576 4285 et
1593 4213 1660 4286 do-

244 4339 391 4412 minandi
396 4389 637 4412 ...........
644 4339 810 4412 laborandi
834 4349 866 4411 et
889 4341 1127 4415 allaborandum
1149 4343 1313 4416 tribuendi
1336 4342 1466 4417 fruendi
1490 4353 1524 4415 et
1546 4364 1663 4415 come-

241 4468 345 4543 dendi
369 4479 402 4541 ct
425 4469 465 4540 de
489 4466 559 4560 ipsa
581 4468 687 4561 nagia
703 4467 841 4538 faciendi
857 4467 1046 4562 omniaque
1062 4469 1294 4542 cantisdicbns
1315 4471 1381 4542 vite
1406 4479 1462 4540 tue
1485 4469 1655 4562 placuerit:

234 4607 274 4672 ot
297 4597 408 4672 omnia
432 4600 520 4696 quod
545 4600 584 4670 in
608 4607 786 4670 memorata
810 4595 942 4667 ecclesia
967 4603 1077 4675 nostra
1091 4607 1201 4667 sancte
1217 4599 1383 4671 eomfimio
1400 4597 1548 4668 oblatum
1564 4595 1663 4666 luerit

152 4769 159 4780 ·
237 4729 312 4803 sire
336 4754 354 4801 a
375 4727 499 4803 viribus
523 4730 591 4801 sire
615 4753 634 4799 a
656 4725 846 4801 mulieribus
870 4732 925 4796 tue
949 4724 1014 4797 sint
1039 4726 1227 4820 potestatis:
1251 4723 1279 4796 si
1304 4733 1414 4796 autem
1437 4723 1536 4796 ιιιιίι
1550 4723 1664 4796 inmo-

238 4857 309 4932 bile
332 4867 388 4932 ιιι
410 4857 644 4955 qualecumque
675 4851 777 4926 molil
799 4853 947 4925 emaiore
970 4853 1011 4925 de
1034 4855 1104 4950 ipsa
1127 4851 1263 4928 ccclesia
1287 4862 1319 4928 ιι
1344 4851 1509 4928 alendum
1533 4851 1606 4926 illut
1631 4853 1664 4924 in
