4888 6528
1399 601 1540 696 (164)

761 768 972 866 suprascripti
996 764 1182 839 adelmundi
1204 759 1306 834 iudici
1329 763 1362 829 et
1384 755 1460 826 inde
1482 751 1601 822 hubent
1624 771 1739 844 possus
1758 753 1928 847 sexaginta
1946 757 2065 832 nobem
2080 762 2194 836 robol-
2271 784 2276 794 ·

760 897 858 968 bento
881 917 940 988 per
963 893 1032 985 ipsa
1057 897 1141 978 terra
1164 885 1205 954 cia
1228 880 1381 952 iamdicto
1403 884 1523 970 nepotc
1544 873 1732 948 adelmanni
1747 875 1868 948 habent
1882 879 1956 951 inde
1971 905 2081 974 passus
2102 887 2193 957 duo.

760 1025 878 1093 decim.
905 1025 938 1087 et
957 1013 1097 1111 qualiter
1121 1019 1153 1084 at
1177 1009 1337 1082 directum
1367 1005 1435 1076 ibat
1464 1003 1550 1074 circa
1582 1002 1651 1098 ipsu
1684 1011 1773 1072 terra
1808 1006 1849 1076 dc
1885 1007 2036 1081 iamdicto
2071 1023 2192 1108 nepote

762 1143 946 1218 adelmundi
970 1147 1002 1210 et
1024 1139 1115 1210 hadit
1137 1157 1243 1229 usque
1267 1135 1302 1204 in
1325 1134 1378 1205 via
1401 1131 1530 1228 publica
1553 1138 1587 1203 et
1608 1129 1684 1202 inde
1707 1131 1828 1204 habent
1850 1155 1962 1226 passus
1975 1137 2141 1230 sexaginta
2157 1151 2191 1210 et

762 1273 889 1346 nobem.
906 1265 973 1337 aliu
989 1265 1088 1334 latere
1106 1265 1216 1334 tenent
1232 1257 1268 1330 in
1282 1267 1368 1329 terra
1383 1256 1516 1328 ecclesia
1539 1256 1641 1327 sancti
1665 1257 1809 1328 marcelli
1832 1269 1866 1329 et
1889 1271 1976 1330 terra
1999 1283 2065 1356 que
2089 1263 2191 1336 iuerat

761 1397 970 1494 suprascripti
1003 1394 1105 1489 gautii
1129 1402 1162 1464 et
1186 1389 1453 1482 nne-subrenpu
1476 1395 1564 1458 tarra
1586 1394 1620 1457 et
1642 1385 1705 1465 fine
1734 1397 1820 1460 terra
1852 1389 1989 1482 predicti
2022 1392 2125 1484 gautii
2159 1403 2190 1467 et

762 1528 825 1596 fine
848 1523 1063 1618 suprascripta
1087 1521 1193 1614 prima
1216 1517 1304 1612 petia
1335 1526 1369 1587 et
1403 1515 1478 1592 inde
1508 1513 1628 1585 habeut
1661 1536 1772 1608 panus
1805 1515 1982 1588 duocentos
2015 1523 2189 1613 nonaginta
2332 1599 2337 1612 ,

764 1661 928 1749 quattuor.
953 1660 987 1720 et
1009 1645 1177 1743 quomodo
1201 1641 1392 1715 rebolbcbat
1414 1663 1473 1736 per
1496 1647 1595 1735 capot
1629 1641 1669 1712 de
1704 1651 1789 1712 terra
1822 1645 2032 1738 suprascripti
2055 1649 2188 1720 maraldi

764 1779 943 1874 presbyteri
966 1777 1064 1848 etde
1087 1774 1198 1868 nepoti
1222 1772 1274 1844 aui
1298 1771 1418 1844 habent
1441 1771 1517 1844 indo
1541 1791 1653 1864 passus
1676 1770 1799 1842 decem.
1823 1781 1856 1842 et
1880 1773 1965 1860 sicut
1984 1783 2017 1844 at
2033 1774 2189 1848 anetum
2217 1752 2224 1766 ⁵

765 1904 833 1976 ibat
855 1901 940 1972 circa
963 1899 1032 1994 ipsa
1054 1909 1140 1970 terra
1163 1896 1372 1991 suprascripti
1388 1895 1524 1969 moraldi
1540 1895 1719 1990 presbytcri
1735 1904 1768 1966 et
1782 1897 1857 1976 inda
1871 1897 1990 1972 habent
2004 1923 2115 1995 passus
2132 1903 2189 1972 tri.

766 2033 855 2126 ginta
877 2029 1006 2104 nobem.
1030 2050 1100 2100 unu
1124 2027 1229 2121 capite
1252 2035 1363 2098 tenent
1385 2025 1422 2097 in
1443 2026 1589 2121 predicta
1602 2024 1656 2097 ria
1679 2025 1806 2120 punica
1828 2026 1948 2098 habent
1971 2028 2016 2098 ihi
2040 2051 2099 2122 por
2121 2039 2189 2098 tra·

767 2157 900 2256 bersum
922 2176 1035 2249 passus
1059 2154 1238 2248 octoginta.
1273 2153 1339 2226 aliu
1363 2155 1468 2250 capito
1491 2160 1609 2224 tenent
1623 2151 1659 2222 in
1681 2152 1912 2224 terramaraldi
1929 2151 2052 2224 atinde
2070 2151 2189 2226 habent

673 2255 679 2261 ⁸
765 2301 877 2378 passus
901 2283 1137 2378 quinquaginta
1160 2291 1193 2352 et
1216 2306 1284 2356 sex.
1308 2281 1433 2368 Quarta
1451 2279 1542 2376 petia
1565 2279 1676 2376 ibique
1698 2277 1815 2352 habent
1838 2279 1912 2351 [inis
1935 2281 1976 2353 da
1998 2303 2065 2352 uno
2089 2283 2189 2374 latere

767 2413 832 2484 fine
862 2413 1076 2506 suprascripta
1108 2409 1162 2482 via
1185 2433 1360 2483 commune
1382 2419 1416 2481 et
1438 2411 1503 2484 iine
1526 2419 1611 2481 terra
1634 2407 1878 2480 inbini'habcnt
1899 2407 1975 2480 inde
1997 2411 2033 2481 in
2054 2411 2190 2505 longum

636 2551 638 2556 ·
766 2553 882 2629 passus
900 2541 1031 2606 centum
1044 2531 1187 2626 ,triginta
1209 2542 1243 2602 at
1265 2541 1429 2628 quattuor.
1446 2532 1513 2604 aliu
1528 2533 1626 2604 latere
1649 2541 1760 2602 tenant
1775 2531 1809 2600 in
1824 2539 1911 2601 terra
1927 2532 2013 2604 unde
2029 2535 2191 2605 causatio·

766 2681 842 2732 nem
856 2659 980 2732 habetis
993 2681 1069 2730 cum
1084 2667 1174 2750 parta
1188 2657 1404 2752 suprascripte
1423 2647 1556 2730 ecclesie
1578 2658 1679 2729 sancti
1699 2655 1846 2729 marcelli
1871 2665 1905 2727 et
1928 2658 1992 2730 tine
2016 2658 2190 2754 suubmripta

766 2795 852 2860 tarra
875 2784 995 2858 hubent
1017 2784 1135 2858 exinde
1158 2806 1269 2879 passus
1293 2793 1424 2858 centum
1446 2785 1659 2882 quandraginta
1682 2794 1846 2881 quattuor.
1864 2807 1933 2858 unu
1956 2785 2060 2880 capite
2083 2797 2191 2858 tenent

767 2909 803 2981 in
826 2917 913 2978 terra
935 2907 1144 3004 suprascripti
1168 2910 1272 3002 gnutii
1296 2918 1328 2982 ct
1351 2910 1416 2983 finc
1438 2911 1654 3006 suprascripta
1678 2912 1817 2982 secunda
1840 2913 1926 3005 petia
1940 2911 2056 2982 hebent
2071 2913 2189 2984 exinde

770 3054 828 3124 per
851 3030 1029 3104 athomum
1051 3054 1162 3126 passus
1185 3035 1361 3129 nonaginta
1385 3043 1418 3106 et
1441 3041 1597 3128 quattuor
1620 3033 1687 3104 aliu
1709 3035 1812 3129 capite
1836 3043 1944 3106 teneat
1962 3035 1997 3106 in
2013 3034 2190 3128 subscripta

768 3159 853 3251 petia
875 3159 965 3254 qnod
987 3167 1056 3232 erat
1072 3161 1226 3234 intorsicu
1242 3161 1363 3234 habant
1385 3161 1461 3234 inde
1486 3185 1595 3258 passus
1619 3163 1827 3258 septuaginta.
1844 3164 1964 3248 Quinta
1980 3163 2065 3256 petia
2080 3161 2190 3256 ibique

771 3289 940 3360 coniuncta
963 3288 1037 3362 iinis
1060 3288 1180 3362 habent
1212 3272 1257 3366 de
1286 3313 1355 3364 unu
1388 3294 1487 3364 latare
1519 3291 1583 3362 fine
1615 3295 1829 3388 suprascripta
1864 3300 1979 3390 quarta
2001 3293 2099 3386 petia.
2125 3291 2189 3362 aliu

769 3415 868 3489 latera
890 3427 1001 3490 tonent
1023 3419 1057 3490 in
1073 3420 1289 3516 suprascripta
1304 3424 1398 3495 tortia
1421 3424 1508 3518 petia
1531 3421 1649 3494 habent
1673 3447 1731 3518 per
1753 3423 1882 3517 singula
1895 3424 1990 3494 latera
2005 3421 2040 3491 in
2056 3420 2190 3514 longum

768 3565 880 3650 putus
903 3553 1033 3619 centnm
1056 3547 1173 3638 viginti
1198 3559 1230 3619 et
1253 3559 1318 3620 tres
1342 3573 1411 3624 unu
1434 3551 1537 3645 capite
1561 3561 1669 3622 tonent
1691 3552 1725 3622 iu
1749 3559 1834 3620 tarra
1857 3549 2065 3644 suprascripti
2088 3549 2190 3645 gautii

768 3665 889 3736 habant
915 3667 992 3738 inde
1020 3689 1130 3760 passus
1161 3673 1374 3766 quadraginta
1406 3683 1438 3746 et
1468 3695 1539 3746 sex.
1574 3675 1640 3746 aliu
1664 3675 1765 3766 capite
1789 3681 1896 3745 tonant
1920 3675 1953 3745 in
1977 3674 2190 3766 suprascripta

768 3803 854 3862 terra
877 3813 942 3887 quc
965 3794 1070 3864 meret
1092 3797 1193 3890 gautii
1217 3807 1250 3868 et
1272 3798 1347 3870 inde
1370 3799 1491 3871 habent
1513 3821 1623 3893 pessus
1648 3800 1855 3895 quadraginta
1878 3800 2079 3894 etquinque.
2095 3797 2190 3870 Sexta

767 3923 852 4012 petia
874 3921 985 4017 ibique
1009 3924 1081 3998 finis
1105 3923 1238 3998 hahent.
1257 3927 1299 4000 do
1314 3929 1495 4000 mutauere
1510 3939 1595 3999 terra
1619 3929 1703 4000 unde
1727 3951 1787 4001 nos
1810 3929 2027 4001 causationem
2049 3905 2190 3998 habero-

770 4067 843 4118 mus
865 4069 941 4120 cum
964 4059 1055 4142 parte
1070 4052 1213 4126 iamdicti
1229 4054 1365 4126 ecclesie
1380 4057 1481 4128 sancti
1496 4056 1642 4128 marcelli
1658 4057 1777 4129 habent
1792 4059 1864 4130 inde
1880 4059 1915 4128 in
1930 4056 2065 4152 longum
2081 4077 2190 4150 passus

766 4171 967 4264 septuaginta
983 4184 1016 4245 et
1029 4197 1101 4248 ser.
1120 4176 1186 4247 aliu
1210 4178 1311 4252 latere
1335 4189 1443 4252 tenent
1466 4181 1501 4249 in
1524 4190 1609 4252 tarra
1626 4183 1843 4276 suprascripti·
1854 4181 1968 4254 iubini.
1985 4179 2101 4253 habent
2116 4179 2190 4250 inde

765 4316 876 4388 passus
905 4304 1105 4394 septuaginta
1139 4315 1173 4372 et
1203 4306 1282 4376 due.
1305 4321 1373 4376 uun
1396 4306 1500 4401 capite
1525 4318 1633 4382 tenent
1657 4313 1692 4383 in
1715 4311 1928 4404 suprascripta
1957 4315 2070 4404 quarta
2103 4305 2191 4398 petia

765 4421 885 4499 habeat
908 4425 986 4495 inde
1007 4433 1349 4526 parsusreptuaginu.
1375 4433 1441 4506 aiiu
1464 4437 1568 4530 cupite
1590 4449 1678 4509 terra
1701 4440 1786 4510 uude
1808 4461 1868 4511 nos
1892 4435 2107 4509 causationem
2122 4435 2190 4505 ha-

765 4547 916 4619 beremus
940 4571 1016 4620 cum
1040 4561 1131 4646 parte
1154 4557 1371 4649 suprascripte
1385 4545 1518 4630 ecclesie
1535 4559 1633 4631 sancti
1648 4561 1791 4632 marcelli
1807 4575 1838 4633 et
1856 4563 1930 4634 indu
1945 4561 2065 4634 habent
2080 4583 2189 4656 passus

764 4673 879 4764 uiginti
894 4684 926 4748 ct
942 4677 1073 4749 nobem.
1092 4679 1233 4774 Septima
1256 4683 1341 4777 petia
1365 4686 1448 4757 dicta
1472 4695 1503 4754 at
1525 4687 1613 4758 lama·
1628 4687 1747 4760 habent
1761 4689 1834 4763 finis
1850 4689 1890 4760 de
1907 4713 1976 4762 unu
1989 4690 2087 4762 latere
2102 4697 2189 4756 terra

764 4801 969 4894 suprascripti
981 4803 1095 4878 iubini.
1110 4807 1178 4878 aliu
1192 4807 1294 4880 latero
1306 4819 1389 4880 terra
1406 4812 1620 4908 suprascripta
1636 4816 1770 4890 ecclesie
1785 4817 1883 4888 sancti
1898 4815 2042 4888 marcelli
2057 4825 2090 4890 et
2104 4829 2189 4887 terra

763 4919 913 4996 lamberti
934 4923 1053 5001 habant
1077 4951 1136 5022 per
1160 4927 1286 5024 siug'uia
1308 4927 1408 5005 latera
1432 4935 1467 5006 in
1491 4935 1626 5034 longum
1649 4961 1759 5046 passus
1783 4949 1913 5012 cantum
1928 4941 2046 5034 viginti
2060 4950 2092 5012 et
2106 4937 2186 5009 duo·
