4896 6522
899 491 1021 586 (⁶⁵)

829 775 1054 852 cmxxxix.

347 1029 567 1126 linnomine
583 1023 708 1102 domini
724 1025 778 1100 dei
790 1029 960 1106 salvatoris
977 1034 1082 1105 nostri
1095 1033 1192 1105 ihesu
1207 1027 1328 1108 Christi
1349 977 1530 1134 inperante
1553 1040 1667 1111 domi·-
1752 1024 1822 1095 An·

246 1153 336 1227 mino
359 1162 472 1227 nostro
495 1150 610 1224 basilio
632 1173 755 1245 magno
786 1150 981 1247 imperatore
1003 1177 1089 1227 enno
1112 1157 1393 1254 quimqnagesimo
1415 1172 1531 1256 quarto
1556 1163 1611 1234 sed
1635 1169 1668 1235 et
1741 1156 1847 1220 tolo.

248 1283 450 1356 constantino
466 1281 566 1352 nater
588 1280 658 1352 eius
673 1303 793 1375 magno
818 1281 1011 1376 imperatore
1035 1305 1119 1390 anno
1142 1285 1425 1381 quinquagesimo
1447 1289 1580 1401 primp:
1604 1290 1667 1362 Die

249 1404 375 1478 decimu
390 1400 507 1477 menois
522 1399 695 1473 denemlrrii
717 1401 889 1474 indictione
903 1401 1092 1474 duodecima
1109 1405 1252 1498 neapoli:
1267 1407 1400 1480 Certum
1418 1417 1467 1480 ert
1485 1431 1537 1480 me
1553 1410 1668 1480 iohan-
1791 1387 1795 1402 ⁴

249 1539 327 1602 n'em
341 1527 444 1600 tilium
461 1526 593 1620 quidem
609 1525 731 1598 domini
746 1527 872 1598 mmtuli
886 1526 1029 1598 ductoris
1038 1527 1183 1621 primarii
1196 1537 1229 1601 et
1243 1533 1408 1624 quondam
1423 1535 1553 1606 domine
1566 1538 1667 1608 maria

251 1661 384 1732 lanata
405 1653 525 1728 lemine
551 1654 609 1750 qui
631 1655 785 1726 mmenda
807 1652 1005 1728 clamabatur
1026 1655 1236 1749 postmodum
1257 1679 1338 1729 vero
1361 1661 1518 1752 monacha
1542 1664 1666 1735 dudum

250 1782 409 1879 iugalium
431 1801 663 1876 personarum:
686 1782 718 1854 A
739 1782 882 1876 presenti
904 1781 958 1855 die
979 1780 1198 1876 promtissima
1224 1783 1390 1855 voluntate
1413 1786 1606 1858 venumdedi
1625 1797 1669 1859 et

250 1909 368 1982 tradidi
391 1909 450 1981 tivi
473 1909 605 1981 domina
628 1931 710 1980 anna
729 1931 816 1981 nuno
837 1931 926 1980 vero·
940 1910 1098 1980 monacha
1122 1907 1185 1980 lilia
1209 1909 1373 2004 quondam
1396 1909 1521 1982 domini
1546 1910 1668 1984 iohan-

251 2035 286 2107 ni
308 2035 448 2129 gaietani
470 2033 581 2105 relicta
610 2042 716 2104 autem
739 2033 903 2128 qnondam
927 2033 1051 2106 domini
1074 2031 1216 2128 gregorii
1232 2032 1354 2106 milluei
1367 2039 1571 2130 postmodum
1588 2061 1667 2112 vero

252 2153 417 2230 monachi:
439 2157 533 2226 met
554 2145 679 2247 integra
701 2173 831 2227 omnem
853 2151 1037 2246 portionem
1052 2161 1086 2224 et
1107 2151 1300 2248 pertinentia
1323 2175 1395 2227 mea
1418 2157 1459 2229 de
1481 2165 1582 2229 terrae
1603 2181 1669 2252 que

253 2283 334 2356 abeo
357 2283 392 2353 in
415 2281 488 2352 loco
511 2281 570 2374 qui
591 2287 725 2352 vocatur
747 2287 865 2372 quarto
887 2277 1010 2362 maiore
1032 2301 1198 2374 quemquo
1222 2288 1256 2352 et
1277 2281 1410 2376 integra
1433 2283 1615 2377 portionem
1637 2291 1670 2356 et

254 2407 424 2502 pertinetiu
447 2427 520 2478 mea
542 2406 582 2479 de
605 2404 684 2477 ader
706 2423 819 2476 omnes
841 2411 1030 2499 unisque
1053 2403 1134 2474 abeo
1156 2404 1192 2477 iu
1213 2413 1323 2477 monte
1345 2404 1566 2502 pausilipenre.
1582 2409 1671 2500 quod

257 2527 393 2600 interius
424 2525 621 2598 nominatilte
653 2524 802 2599 dicimur,
831 2522 1011 2619 inprimit
1041 2523 1168 2616 integra
1196 2526 1379 2618 portionem
1413 2549 1487 2620 mea
1518 2530 1558 2600 de
1586 2539 1672 2598 terra

256 2657 361 2751 perita
385 2653 420 2726 in
442 2662 621 2728 memorato
635 2652 708 2726 loeo
722 2649 978 2750 quereumaiore
990 2645 1149 2723 adranota
1170 2649 1274 2722 mnia
1295 2651 1354 2748 qui
1377 2650 1501 2746 dieitur
1519 2654 1560 2726 ad
1574 2675 1672 2725 rean-

257 2783 339 2857 dole
364 2785 422 2879 qui
445 2793 494 2856 ert
517 2782 666 2856 eoniueta
689 2781 730 2857 de
752 2805 820 2854 uno
842 2781 941 2856 latere
963 2790 1040 2856 eum
1060 2786 1148 2854 terra
1167 2779 1325 2875 portiano
1347 2803 1441 2855 maru
1462 2783 1668 2880 prppaooda:

257 2937 314 2988 eeu
338 2923 371 2987 et
394 2915 535 3010 integrae
558 2913 643 3010 duod
665 2921 768 2984 terrm
790 2935 879 2986 mear
901 2909 949 2984 dri
971 2912 1078 3005 iprum
1100 2910 1136 2984 in
1159 2920 1277 3009 quarto
1307 2913 1349 2986 ad
1378 2911 1461 3008 pedo
1493 2914 1534 2986 de
1563 2917 1672 2985 monte

258 3043 299 3114 de
323 3043 399 3116 iaie.
423 3043 482 3138 qui
505 3052 578 3114 runt
602 3043 685 3116 imta
710 3051 797 3116 terra
817 3041 976 3115 heredum
1000 3039 1124 3112 domini
1146 3037 1259 3114 cerarii
1282 3061 1402 3136 appuea
1425 3047 1458 3112 et
1481 3037 1564 3111 iusta
1586 3047 1674 3110 terra

258 3165 391 3238 heredes
414 3166 538 3238 domiui
561 3167 706 3261 gregorii
728 3167 894 3240 falconarii
917 3189 1082 3263 quamque
1104 3176 1138 3239 et
1160 3166 1286 3262 integra
1309 3165 1372 3238 alia
1396 3173 1481 3238 terra
1505 3189 1577 3239 mea
1607 3186 1675 3257 po-

259 3292 320 3361 sita
343 3294 377 3363 in
400 3301 580 3364 memorato
602 3291 678 3364 loeo
700 3301 812 3367 monte
834 3291 1047 3388 pensilipenee
1078 3291 1160 3366 hubi
1183 3301 1232 3366 eet
1253 3291 1308 3365 illa
1333 3291 1456 3387 piscina
1481 3287 1676 3363 communie:

261 3420 347 3490 unde
371 3421 430 3491 tivi
454 3421 523 3513 ipsu
546 3420 701 3491 homnem
719 3419 907 3514 portionem
929 3429 963 3490 et
985 3394 1177 3513 pertinentia
1199 3443 1272 3494 mee
1293 3403 1335 3492 de
1356 3429 1533 3492 memorata
1556 3416 1676 3510 piscina

264 3551 420 3636 quantum
445 3539 485 3611 ad
510 3563 548 3611 oe
573 3540 691 3613 exinde
712 3543 851 3638 pertinet
864 3541 1067 3614 venumdedi.
1090 3565 1156 3614 una
1180 3565 1255 3616 cum
1277 3541 1421 3638 scapulae
1436 3515 1471 3612 ei
1482 3541 1678 3638 rioraeuruts

259 3667 396 3762 qualiter
418 3666 541 3739 ludunt
564 3667 604 3740 da
628 3667 692 3740 line
707 3668 750 3740 de
765 3675 850 3739 tarra
873 3675 907 3739 et
929 3666 1073 3761 reapular
1094 3667 1281 3741 monasterii
1296 3667 1401 3741 insule
1423 3665 1601 3739 editioris.
1619 3665 1679 3760 qui

259 3805 333 3868 nunt
357 3793 478 3866 ibidem
501 3820 519 3864 a
542 3801 633 3888 parte
656 3793 830 3867 occidentis
853 3803 887 3868 et
907 3793 958 3866 ab'
971 3795 1047 3869 inde
1071 3796 1107 3868 in
1129 3805 1220 3890 parte
1242 3794 1399 3870 horientis
1420 3804 1577 3891 qrrantum
1599 3813 1676 3864 me·

258 3927 381 3990 morata
404 3925 491 3992 turra
514 3940 586 3990 mea
608 3915 697 3990 hedit
718 3939 823 4014 usque
846 3918 888 3990 ad
909 3919 964 3994 ria
986 3920 1046 4016 qui
1069 3918 1231 3992 deseendit
1253 3917 1289 3989 in
1312 3918 1393 3991 ioris
1415 3917 1529 4011 gripta
1554 3917 1676 3987 lterum

259 4054 292 4116 et
315 4044 451 4138 qualiter
473 4045 513 4116 da
538 4045 591 4115 ria
605 4043 749 4137 pubbliei
771 4043 830 4138 qui
852 4043 899 4115 riti
922 4049 972 4116 est
993 4069 1014 4114 a
1036 4055 1128 4139 parte
1151 4041 1327 4114 meridiana
1350 4039 1438 4112 hedit
1460 4050 1493 4111 et
1518 4037 1680 4111 descendit

258 4169 294 4240 in
317 4181 408 4264 parte
431 4168 472 4244 de
495 4169 574 4240 loris
589 4155 694 4264 gripta
715 4191 819 4263 neque
842 4171 882 4242 ad
904 4169 1002 4242 tinem
1024 4171 1083 4267 qui
1105 4183 1154 4243 est
1178 4171 1219 4246 de
1241 4167 1321 4242 forie
1335 4163 1441 4263 gripta
1457 4165 1545 4238 etde
1560 4163 1676 4238 eodem

259 4301 370 4364 monte
385 4287 595 4386 pausilipense
606 4289 744 4362 lmimm
757 4311 821 4361 una
836 4313 913 4362 eum
934 4292 1059 4388 integre
1075 4293 1259 4388 portionem
1273 4311 1345 4364 mea
1358 4290 1399 4364 de
1413 4288 1496 4363 silbe
1509 4289 1675 4362 communi

261 4427 418 4516 quantum
441 4419 482 4491 ed
504 4439 545 4489 oe
577 4414 692 4490 exinde
722 4415 877 4510 pertinet:
913 4416 1073 4511 simulque
1103 4418 1297 4492 venumdedi
1328 4427 1362 4492 et
1396 4417 1511 4491 tradidi
1542 4397 1610 4490 tiri.
1647 4425 1681 4488 et
1713 4408 1718 4426 '

261 4547 384 4637 integra
398 4565 463 4616 uua
476 4541 615 4638 corrigia
631 4565 703 4614 mea
717 4542 758 4613 de
772 4549 857 4613 terra
871 4562 936 4636 que
959 4541 1143 4616 nominatur
1168 4545 1279 4639 pinum
1295 4546 1354 4619 rita
1377 4541 1555 4636 interpola
1579 4540 1679 4636 ipsius
1737 4584 1742 4594 ·

263 4678 371 4739 monte
403 4665 612 4762 pomilipease
635 4663 692 4760 qui
715 4673 764 4738 eet
786 4664 827 4738 da
851 4671 941 4758 parte
964 4664 1119 4738 horieatir
1149 4667 1297 4741 couiuota
1331 4689 1408 4740 oum
1433 4675 1518 4736 terra
1549 4665 1617 4737 urei
1640 4663 1701 4737 de·

364 4793 429 4864 Vol.
455 4793 514 4865 W.
1200 4831 1203 4836 ·
1303 4801 1323 4862 9
1655 4799 1657 4802 ’
