4888 6528
908 590 1052 684 (sse)

275 757 390 829 exinde
405 756 540 829 inserte
555 761 676 828 sortem
690 751 759 847 ipsa
775 753 815 823 eb
831 749 900 846 ipsa
923 770 997 843 pers
1018 750 1191 823 ooeidsutis
1212 771 1276 846 que
1299 741 1451 820 ooniuute
1475 741 1523 822 es't
1537 771 1612 821 eum
1628 751 1695 846 ipsa

274 885 324 954 bia
347 892 473 954 tentum
507 882 598 953 omrai
632 890 779 974 temporo
811 876 874 972 ipsi
896 873 1024 968 sergius
1046 882 1080 945 et
1104 873 1158 945 leo
1181 885 1214 946 et
1238 884 1350 968 petrus
1371 883 1404 944 et
1428 873 1561 945 illorum
1584 875 1695 946 eredes

273 997 405 1084 aberent
432 1011 506 1083 hies
531 1009 571 1082 do
596 993 664 1104 ipse
687 1007 741 1079 bia
763 1029 822 1101 per
844 1005 913 1099 ipsu
937 1001 1080 1074 sortione
1104 1011 1214 1074 nostra
1238 1026 1257 1072 a
1279 1024 1352 1097 pers
1376 1003 1602 1097 septentrionis
1617 1024 1694 1096 ergo

271 1135 342 1230 ipso
374 1135 539 1204 fossatum.
573 1139 607 1202 st
639 1131 708 1224 ipsu
742 1127 795 1200 vie
828 1147 893 1222 que
926 1145 985 1218 per
1011 1123 1080 1218 ipsa
1101 1133 1210 1194 nostre
1233 1133 1319 1194 sorte
1341 1123 1445 1196 ebere-
1460 1124 1581 1197 debunt
1604 1125 1694 1195 omni

272 1275 419 1355 tempore
443 1258 498 1328 vie
521 1265 605 1330 esset
629 1255 692 1328 leta
717 1277 775 1350 per
796 1255 933 1329 latitudo
956 1253 991 1324 irr
1014 1253 1106 1326 omui
1129 1250 1204 1323 loeo
1228 1253 1325 1346 pedes
1349 1255 1518 1328 duodecim
1542 1253 1582 1324 ad
1609 1253 1693 1324 iusto

271 1387 387 1482 pedem
402 1406 533 1460 menum
549 1383 675 1456 homini
690 1393 909 1456 mensuratum
925 1391 957 1450 et
967 1402 1025 1473 per
1036 1381 1207 1476 longitudo
1221 1381 1289 1476 ipsa
1304 1381 1357 1452 hie
1372 1389 1528 1477 quantum
1546 1381 1613 1474 ipsa
1631 1401 1692 1450 uo·

272 1525 338 1586 stre
361 1521 448 1584 sorte
472 1509 588 1584 retinet
612 1531 716 1604 usque
741 1510 775 1580 in
802 1509 871 1602 ipse
901 1507 954 1578 bia
978 1507 1019 1578 de
1042 1506 1221 1578 occidente.
1244 1506 1305 1578 hee
1319 1508 1421 1578 sortio
1435 1509 1519 1580 siout
1541 1510 1691 1602 superius

274 1641 330 1716 illo
354 1637 627 1734 compreensimus
643 1636 689 1707 sio
705 1657 764 1730 per
779 1634 919 1731 partium
933 1632 990 1704 ille
1005 1633 1089 1704 inter
1108 1653 1168 1705 uos
1182 1629 1373 1703 tradidimus
1387 1654 1462 1704 cum
1479 1637 1588 1706 omnia
1604 1637 1691 1708 iutro

274 1787 309 1836 se
333 1763 503 1836 edentibus
530 1759 746 1855 omnibusque
769 1757 837 1830 suis
857 1754 1058 1853 pertiuentiis
1081 1764 1114 1826 et
1138 1777 1214 1827 cum
1229 1753 1302 1827 bioe
1318 1754 1358 1826 de
1374 1753 1442 1847 ipse
1457 1755 1510 1826 hie
1529 1765 1565 1858 ut
1589 1777 1685 1850 supra

270 1888 390 1980 legitur
417 1887 638 1982 unusquisque
664 1885 846 1957 faciendum
871 1883 912 1954 de
939 1884 1089 1976 ipsesua
1114 1881 1312 1977 sortequod
1331 1879 1531 1952 boduerimus
1555 1883 1596 1954 de
1623 1899 1689 1979 qua

269 2034 328 2106 per
352 2033 437 2082 vona
460 2009 696 2082 rombenientie
720 2007 873 2104 guadium
898 2007 995 2078 nobis
1018 2007 1081 2100 ipsi
1112 2007 1238 2102 sergius
1262 2017 1295 2078 et
1317 2005 1370 2078 leo
1392 2017 1424 2079 et
1443 2016 1553 2102 petrau
1579 2006 1684 2080 dede-

271 2145 397 2208 suntet
418 2119 739 2208 mediatoremnobis
761 2139 942 2228 posuerunt
965 2130 1027 2228 ipsi
1050 2129 1138 2224 sergi
1160 2139 1194 2201 et
1218 2130 1270 2202 leo
1293 2129 1445 2202 mastalus
1469 2133 1579 2202 attrise
1602 2133 1687 2206 fidius

273 2262 465 2334 comtantiui
488 2259 610 2356 etipse
634 2267 744 2354 petrm
767 2259 980 2332 mediatorem
1005 2259 1098 2330 uobis
1121 2258 1215 2352 posui
1239 2257 1364 2329 ieunaoi
1380 2257 1488 2330 ettriso
1505 2257 1589 2332 filius
1609 2281 1688 2332 oon·

271 2387 403 2458 mutini
419 2367 526 2481 etper
549 2386 618 2478 ipse
641 2383 763 2478 gaudia
788 2381 1014 2476 ohh'gebsruut
1035 2407 1069 2454 se
1084 2391 1118 2455 et
1141 2404 1217 2456 suos
1233 2383 1345 2456 eredes
1358 2383 1449 2454 omni
1465 2393 1609 2477 tempore
1624 2382 1687 2455 de·

272 2511 396 2582 suasore
426 2507 520 2580 nobis
544 2504 726 2600 nostrisque
749 2501 898 2578 eredibus
921 2503 1046 2596 integra
1063 2505 1131 2596 ipsa
1148 2513 1234 2576 sorte
1259 2505 1300 2576 de
1322 2503 1489 2576 occidente
1512 2527 1590 2578 oum
1613 2505 1686 2579 hice

271 2639 313 2710 de
338 2640 407 2734 ipse
432 2636 485 2708 bie
502 2635 635 2732 ‘publicu
660 2635 729 2706 siue
751 2634 820 2728 ipsa
843 2630 897 2702 bie
918 2626 1010 2726 quod
1035 2629 1098 2702 illis
1129 2631 1205 2702 inde
1238 2629 1334 2704 abere
1365 2617 1487 2702 deburat
1517 2641 1555 2703 ut
1583 2655 1680 2728 supro

269 2765 391 2860 legitur
415 2789 434 2835 a
453 2787 527 2862 pers
550 2767 590 2839 ds
614 2763 773 2838 uxoribus
795 2787 853 2838 sue
878 2769 910 2834 et
934 2761 975 2834 ds
996 2780 1110 2832 omnes
1135 2757 1283 2832 homines
1304 2759 1460 2852 omniqua
1475 2758 1634 2853 partibus.
1653 2743 1686 2833 et

269 2895 296 2966 ai
323 2891 430 2964 taliter
453 2915 508 2966 eos
534 2893 628 2966 uobis
651 2899 833 2990 nouusque
855 2891 1003 2964 eredibm
1023 2911 1089 2962 oon
1103 2887 1316 2962 defensaberit
1332 2897 1388 2962 eut
1406 2888 1435 2960 si
1450 2877 1682 2985 quodcumque

269 3021 451 3090 sausutione
475 3016 592 3090 exinde
615 3016 818 3112 preposuerit
841 3015 894 3090 vel
919 3014 947 3087 si
970 3035 1066 3109 super
1089 3014 1184 3088 sortis
1207 3015 1275 3107 ipse
1299 3011 1385 3084 medo
1401 3012 1514 3086 ordire
1530 3013 1579 3086 ire
1595 3037 1677 3110 pre-

230 3225 232 3230 ·
272 3138 411 3210 sumerit
435 3159 494 3231 per
516 3162 600 3210 vore
620 3139 859 3213 eomhenientia
882 3161 940 3234 per
964 3139 1032 3233 ipso
1058 3139 1177 3236 guadia
1195 3157 1389 3233 componere
1405 3135 1630 3232 obligsberuat
1646 3161 1681 3210 se

267 3263 328 3354 ipsi
352 3263 476 3357 sergius
495 3275 527 3336 et
547 3265 598 3336 leo
620 3277 653 3337 et
667 3273 777 3359 petrus
792 3277 824 3338 et
840 3287 915 3338 suos
930 3267 1042 3338 eredes
1056 3267 1096 3338 ed
1113 3267 1373 3361 componendum
1388 3266 1480 3339 nobis
1497 3265 1680 3360 nostrisque

266 3391 415 3464 eredibus
438 3391 671 3486 moquagime
697 3396 768 3466 euri
791 3395 911 3472 sottus
933 3395 1274 3490 costantinopoiitauos
1297 3405 1330 3466 et
1354 3394 1438 3468 e‘out
1452 3397 1600 3492 superius
1623 3389 1677 3467 le-'

267 3517 356 3610 gitur
379 3513 472 3586 illum
496 3515 589 3588 uobis
612 3518 786 3590 deiemare.
819 3525 945 3590 tautum
969 3519 997 3589 si
1019 3517 1192 3614 aliquando
1219 3529 1366 3613 tempore
1389 3539 1448 3590 uos
1472 3519 1526 3589 vel
1550 3529 1680 3590 nostros

263 3641 374 3712 eredes
397 3641 466 3736 ipsu
488 3649 600 3714 nostru
622 3649 709 3714 sorte
732 3643 773 3716 de
796 3641 950 3736 predictis
970 3640 1069 3714 rebus
1091 3641 1244 3716 diturum
1269 3653 1327 3716 eut
1345 3642 1546 3718 biuditurum
1572 3645 1679 3716 abus

262 3769 375 3840 rimus.
385 3791 452 3840 ooo
467 3769 618 3842 mamm
633 3777 822 3863 potestatem
838 3769 1035 3866 cuicumque
1051 3765 1144 3840 idum
1158 3771 1213 3844 vei
1228 3771 1346 3846 exinde
1361 3772 1439 3845 dere
1456 3774 1517 3845 uisi
1533 3774 1680 3868 ipsorum

261 3895 361 3988 sergii
384 3905 417 3966 et
439 3893 526 3966 leoui
551 3906 584 3966 et
605 3895 690 3988 petri
713 3893 766 3966 vel
790 3895 832 3968 ed
855 3918 973 3969 eorum
995 3897 1109 3972 eredes
1131 3897 1228 3970 illum
1251 3899 1364 3970 demus
1380 3895 1421 3966 ad
1436 3896 1521 3968 iusto
1537 3895 1675 3968 betisste

260 4023 403 4115 pretium
425 4043 490 4116 que
513 4023 596 4094 iuste
616 4024 714 4096 tuerit
732 4025 957 4118 appretiatum.
973 4035 1007 4098 et
1022 4025 1177 4096 iaciemus
1194 4023 1310 4096 exinde
1326 4021 1390 4094 illia
1405 4020 1489 4094 seire
1507 4020 1677 4116 perillum

262 4177 282 4218 a
308 4169 367 4220 uos
390 4150 564 4222 emendum
587 4173 646 4244 per
668 4151 765 4224 tertio
780 4153 883 4222 consti
898 4153 1008 4226 miuus
1031 4174 1134 4248 usque
1158 4153 1226 4226 dies
1249 4149 1382 4246 triginta
1404 4171 1462 4222 sex
1489 4160 1522 4224 et
1545 4151 1573 4222 ai
1596 4151 1679 4222 inire

260 4279 331 4370 ipse
354 4275 527 4348 constituta
552 4277 644 4347 illum
668 4300 687 4346 a
710 4298 770 4347 nos
792 4299 901 4348 emere
925 4279 1068 4352 noluerit
1090 4289 1122 4352 at
1137 4281 1215 4354 dere
1230 4279 1305 4354 inde
1320 4279 1414 4354 uobis
1436 4281 1523 4352 iusto
1541 4277 1679 4376 baliente

259 4403 403 4496 pretium
428 4409 502 4496 post
525 4401 594 4494 ipsa
613 4401 789 4474 constitute
816 4401 920 4472 lioead
942 4425 1002 4474 uos
1024 4404 1117 4478 illum
1141 4407 1218 4482 dare
1248 4408 1302 4482 cui
1325 4407 1526 4482 doluerimus
1550 4427 1627 4478 nem
1650 4406 1678 4478 ai

260 4535 335 4600 ente
358 4529 428 4623 ipsa
451 4529 624 4600 oomtituta
647 4527 768 4623 ruique
793 4526 888 4600 iilum
912 4528 965 4599 ved
985 4529 1105 4610 exinde
1129 4553 1185 4604 eos
1209 4534 1393 4606 dederimus
1407 4533 1529 4628 amque
1544 4531 1678 4604 illorum

260 4657 314 4728 vel
339 4657 378 4728 de
402 4677 517 4728 eorum
541 4657 651 4730 eredes
674 4655 834 4728 solutione
859 4655 942 4728 sieut
965 4667 1117 4768 peretum
1134 4659 1176 4730 sit
1190 4667 1228 4731 ut
1242 4659 1282 4730 de
1298 4671 1405 4732 nostre
1422 4666 1578 4764 potestate
1594 4667 1678 4732 esset

262 4780 477 4856 substructum
493 4783 616 4878 ubsque
632 4783 774 4878 pretium
789 4783 969 4856 rebertatur
984 4783 1025 4856 ed
1040 4783 1172 4857 illorum
1195 4794 1384 4882 potestatem
1407 4785 1589 4858 faciendum
1612 4809 1677 4882 qua

267 4905 420 4980 voluerit.
443 4915 477 4980 et
500 4909 528 4978 ai
551 4929 612 4980 nos
634 4907 688 4981 vei
710 4908 812 4980 sosoi
835 4908 945 4980 eredes
959 4909 1000 4982 de
1016 4896 1098 4981 hmo
1115 4919 1202 4982 terra
1218 4909 1411 4982 mersium
1427 4909 1602 4984 exierimus
1618 4932 1677 5004 per

377 5029 441 5102 Vol.
467 5031 541 5102 Wv
636 5032 641 5041 ’
987 5079 989 5084 -
1303 5045 1342 5104 17
